4214 6014
222 317 283 397 n
497 266 868 388 praemunio
897 294 1472 419 umnsrnaumncrna
1697 314 1754 391 az

167 422 305 497 talicar.
333 441 410 520 pag.
438 417 523 496 266.
551 419 594 494 de
631 416 757 512 primis
792 422 931 494 Sarace—
974 429 1005 497 A
1042 419 1186 509 staron,
1222 415 1461 494 deferrentur.
1499 421 1595 495 Nam
1625 418 1706 492 aeui
1742 438 1818 490 me·

152 523 249 604 nis,
285 518 354 594 five
380 521 547 596 Arabicis
583 521 763 596 militibus
801 521 839 596 in
867 525 932 595 Be·
1049 522 1102 596 dii
1126 519 1289 595 homines
1315 517 1459 610 nubens,
1488 547 1552 621 pro
1574 523 1643 593 Sub
1670 543 1817 617 praepo-

163 642 401 698 ·neuentanam
439 625 620 725 regionem
649 627 774 699 Seculo
801 622 933 698 Christi
1050 622 1198 712 srtione,
1233 623 1427 713 dixerunt,
1464 650 1504 697 ac
1542 622 1624 698 inde
1651 620 1818 696 efforma-

170 727 232 798 Ill.
259 724 385 801 accitis
411 724 496 800 baec
528 729 719 826 leguntur:
759 732 879 797 Horum
905 726 935 796 i·
1047 744 1132 801 runt
1171 729 1350 799 sultanum
1390 722 1461 797 srve
1499 728 1712 812 Saltum,
1753 718 1816 795 sub

161 826 333 922 ‘niquarum
351 831 475 922 primus
493 828 668 901 vocabatur
685 829 860 919 Alfenus,
880 831 935 900 ab·
1050 826 1287 928 intelligendo
1327 824 1602 912 vestimentum,
1644 825 1714 899 five
1754 849 1817 896 ve·

161 927 241 1015 stris
262 932 394 1027 quidem
428 931 645 1014 uestimentis,
680 932 725 1000 (a
750 930 936 1002 calciamen-
1047 929 1159 1020 stem,
1199 927 1411 1002 seminarum
1447 930 1646 1026 propriam.
1688 930 1816 1024 Neque

159 1030 240 1121 uis,
258 1032 378 1124 {altem
405 1059 459 1103 nee
483 1037 645 1104 Tarabare
665 1030 856 1124 succindit,
884 1031 938 1119 sed
1048 1031 1145 1106 enim
1170 1028 1377 1129 accipienda
1406 1028 1611 1130 conjebiura
1625 1066 1628 1073 ·
1643 1032 1818 1103 Otr-Can·

159 1131 244 1225 ⁷solis
269 1133 481 1205 arundinibus
514 1161 611 1204 manu
642 1133 825 1229 gestantes.
864 1137 936 1209 Ne·
1048 1134 1128 1234 gii,
1162 1131 1345 1231 opinantis
1381 1128 1464 1206 ideo
1499 1136 1694 1207 subraucum
1728 1128 1819 1222 dici,
1849 1152 1853 1160 '

170 1235 255 1327 quit
281 1253 399 1308 tamen
428 1260 497 1308 vox
525 1239 690 1308 Tarabam
722 1234 760 1308 id
797 1233 932 1332 expres·
1047 1238 1131 1332 quod
1151 1233 1235 1324 sared
1251 1233 1468 1307 Subtanorum
1488 1235 1545 1327 [eu
1564 1232 1735 1327 Tarentum
1759 1256 1819 1303 oe·

163 1333 267 1423 isse,
291 1334 385 1433 quod
410 1335 521 1434 pollea
542 1340 685 1410 Tabam
708 1365 727 1410 a
748 1336 851 1409 nobis
876 1362 936 1436 ap·
981 1345 1011 1418 B
1041 1336 1103 1425 stis
1128 1336 1256 1430 propria
1279 1335 1395 1425 suerit.
1431 1339 1488 1410 Ex
1528 1333 1603 1434 ipsa
1629 1360 1718 1408 uoce
1744 1330 1817 1407 sor—

172 1437 342 1535 pellatum
363 1435 453 1512 suit.
477 1438 628 1513 Proinde
647 1437 935 1513 occidentalium
1048 1434 1143 1512 talsrs
1169 1436 1307 1511 emersit
1334 1436 1460 1511 Italica
1486 1462 1560 1512 uox
1578 1441 1702 1523 Taua,
1728 1456 1816 1534 qua·

163 1539 388 1635 .Populorum
438 1543 651 1616 uocabulum
703 1537 771 1613 hoc
817 1540 936 1639 potius
1048 1538 1236 1633 srsubeaaa
1262 1539 1343 1630 via,
1373 1535 1443 1611 five
1469 1537 1622 1627 domus,
1654 1555 1729 1611 arte
1754 1549 1817 1613 aut

163 1636 380 1717 censendum
413 1640 480 1717 est.
516 1647 565 1716 E't
599 1643 679 1721 sane
713 1641 808 1716 inter
841 1645 937 1718 anti·
1049 1641 1126 1716 casu
1154 1639 1246 1714 faila
1284 1640 1403 1714 subtus
1431 1659 1553 1715 monte
1580 1659 1641 1714 aut
1667 1640 1817 1714 tellure·-

161 1767 256 1837 quas
282 1769 387 1817 uoces
413 1740 574 1818 Celticae
599 1773 620 1818 a
663 1743 870 1821 Boxbornio
898 1746 936 1818 in
1048 1747 1103 1819 lta
1129 1749 1225 1820 Cava
1251 1742 1385 1818 dieitur·
1412 1741 1713 1843 subintelligendo
1736 1740 1817 1825 uia,

164 1841 351 1918 Glossario
374 1846 570 1921 recensetur
587 1847 697 1922 etiam
716 1845 848 1928 Tabae,
867 1842 935 1919 Tu>
1043 1842 1147 1938 uffa,
1174 1864 1235 1919 aut
1261 1844 1348 1943 quid
1374 1841 1506 1919 limile.
1539 1852 1659 1918 sorano
1685 1842 1818 1944 Hispa·

94 1957 96 1961 ’
166 1943 244 2016 nica
261 1947 374 2041 longa.
398 1946 462 2020 Sed
488 1948 552 2023 ille
574 1947 850 2028 animaduertit,
875 1946 935 2021 ad·
1047 1947 1103 2020 nis
1129 1946 1176 2020 ell
1202 1947 1293 2021 cella
1319 1946 1480 2037 uinaria,
1505 1947 1541 2018 la
1568 1946 1739 2017 Cautiaa.
1773 1948 1815 2020 In

167 2042 239 2133 lruc
265 2073 284 2118 a
310 2048 456 2138 Populis
479 2050 653 2125 Saxoniae
677 2048 857 2124 inferioris
881 2049 936 2122 di·
1046 2045 1183 2122 Charta
1205 2043 1356 2122 Cauensr
1381 2050 1479 2121 Anni
1507 2049 1815 2122 DCCCLXXIV.

168 2143 206 2217 ci
232 2145 296 2216 ein
315 2169 406 2243 grant
431 2152 591 2221 Debbere.
628 2155 674 2223 D.
711 2150 818 2250 prelse
854 2175 935 2248 pro·
1047 2173 1152 2245 quam
1167 2148 1248 2220 dedi
1263 2148 1300 2219 in
1318 2148 1728 2221 DissertationeXlV.de
1742 2152 1819 2215 Ser·

169 2244 375 2319 nuntiatum
408 2248 529 2322 evadit
555 2253 601 2325 T.
630 2255 732 2346 Quae
763 2253 848 2325 verb
876 2276 936 2323 ue·
974 2256 1008 2328 C
1045 2250 1101 2320 vis
1120 2239 1272 2348 legitur:
1299 2248 1427 2343 Regia,
1451 2273 1531 2341 quae
1555 2246 1589 2317 in
1616 2245 1685 2343 ipsa
1706 2247 1818 2318 Eccle-

156 2345 236 2420 ⁴sies
255 2348 299 2420 ab
316 2347 475 2447 antiquis
489 2350 656 2427 dicuntur
670 2353 812 2439 Ciuile,
830 2349 936 2423 Giub-
1039 2349 1094 2436 sia
1111 2350 1155 2436 eli
1171 2347 1342 2438 aedificata
1351 2397 1363 2431 ,
1384 2349 1420 2419 ia
1435 2348 1506 2444 ipsa
1519 2345 1655 2440 subdita
1668 2351 1816 2423 sabran:

169 2450 272 2538 boui,
307 2451 495 2542 elutherii,
532 2454 755 2543 Giubberelle',
795 2453 934 2527 tunica·

170 2570 250 2624 tum
288 2550 477 2644 brevium,
513 2553 584 2628 live
619 2554 824 2632 Thoracuru
861 2553 936 2653 spe·

171 2648 244 2724 cies
271 2650 412 2728 suerunt
427 2702 440 2737 ,
474 2682 564 2752 quae
599 2655 661 2731 sub
688 2655 829 2731 Tunica
856 2658 935 2729 lon·

166 2751 273 2850 giore
311 2754 589 2833 deserebantur.
637 2759 782 2852 Zippone
822 2756 935 2832 adhuc

167 2853 396 2928 Mutinenses
432 2862 641 2956 appellant.
682 2864 826 2934 Nomen
868 2858 936 2931 hoc

172 2952 322 3029 omninb
357 2955 498 3032 uidetur
531 2962 575 3033 ab
602 2961 762 3035 Arabum
799 2961 937 3056 Populo

171 3051 209 3130 in
249 3056 389 3130 ltaliam
428 3059 639 3137 inueblum.
679 3067 773 3137 Nam
810 3060 936 3136 Gollio

1047 2454 1087 2523 de
1112 2452 1183 2546 ipsa
1208 2450 1371 2535 Ecclesia.
1401 2455 1455 2523 lta
1482 2447 1632 2524 fortaffis
1658 2477 1678 2522 a
1704 2456 1816 2549 Longe

1048 2552 1273 2627 efformatum
1300 2549 1370 2624 suit
1389 2552 1612 2648 Longinam,
1640 2551 1731 2625 unde
1752 2576 1817 2647 pov

1048 2653 1114 2728 llea
1141 2651 1284 2728 effluxit
1310 2652 1464 2726 nollrum
1491 2658 1660 2742 Leaenae,
1692 2658 1817 2725 Lenta·

1034 2770 1180 2848 'uanam
1207 2756 1448 2829 Allonraaare.
1485 2752 1584 2827 Audi
1620 2778 1715 2826 nune
1754 2750 1819 2826 Ri-

1049 2856 1260 2948 cobaldum‚
1281 2855 1343 2953 qui
1364 2854 1507 2928 circiter
1521 2856 1669 2929 Annum
1687 2856 1823 2941 Men,

1052 2962 1129 3033 XC.
1149 2959 1250 3031 rudes
1275 2956 1481 3030 Italicorum
1505 2981 1619 3030 mores
1645 2955 1819 3029 describe·

1051 3061 1130 3133 bat.
1151 3064 1205 3133 lta
1225 3059 1288 3133 ille
1308 3061 1430 3132 Tomo
1451 3061 1512 3129 lx.
1533 3083 1610 3156 pag.
1639 3062 1720 3132 128.
1738 3060 1818 3129 Rer.

172 3154 255 3230 telie
281 3156 317 3231 in
347 3160 485 3236 Lexico
512 3163 696 3248 Arabico,
724 3163 855 3238 babent
881 3168 936 3240 A·
965 3159 1023 3232 'D¹
1051 3162 1284 3237 Italicarum:
1329 3159 1477 3254 Virgines
1513 3161 1548 3229 ia
1573 3156 1720 3231 domibus
1756 3179 1819 3253 pa-

171 3259 269 3332 rabas
306 3261 511 3346 Giubbaton,
548 3263 745 3366 fignificans
780 3266 936 3339 Tunicam
1051 3285 1134 3334 trum
1160 3265 1286 3335 Tuni'ed
1311 3269 1349 3334 de
1373 3262 1565 3358 Pignolato,
1602 3287 1682 3357 quae
1706 3261 1818 3355 appel·

172 3381 320 3451 epanuo
337 3364 514 3458 goffipintt,
540 3368 592 3438 eui
615 3368 760 3440 Palliam
782 3368 852 3450 live
871 3373 936 3438 To-
1050 3366 1139 3440 latur
1162 3370 1343 3445 Soranum,
1378 3361 1427 3442 ψ’
1459 3363 1687 3458 paludamento
1711 3363 1817 3452 lineo,

166 3486 214 3556 ga
239 3461 436 3556 imponitur.
465 3465 523 3539 Est
550 3464 589 3543 ἃ
615 3466 691 3542 illis
713 3469 935 3542 ‚Al-Giubba·
1050 3469 1134 3561 quod
1157 3468 1303 3539 dicebant
1330 3471 1485 3543 Xoeeam,
1511 3485 1603 3533 erant
1630 3482 1815 3534 contentae.

172 3580 226 3644 to,
261 3563 358 3645 vellis
387 3592 425 3635 ea
459 3568 538 3636 lana
563 3570 726 3658 eraffioee,
760 3568 937 3638 baudelio
1051 3571 1148 3664 Ergo
1183 3573 1331 3637 Subtana
1365 3561 1467 3634 vellis
1508 3579 1707 3645 nuncupata
1743 3559 1817 3652 est,

173 3659 268 3730 colore
294 3659 431 3749 infessa,
457 3667 668 3760 quamquem
693 3694 715 3737 a
740 3685 857 3737 natura
878 3665 937 3736 ha·
1053 3690 1142 3761 quac
1178 3682 1296 3737 tamen
1331 3670 1434 3759 Super
1468 3661 1548 3735 aliis
1577 3661 1724 3735 vestibus
1761 3662 1818 3737 in·

170 3755 245 3848 bea,
276 3760 331 3832 uti
357 3763 514 3860 Giggeus
540 3763 581 3849 in
607 3762 669 3838 suo
696 3765 835 3840 Lexico
860 3763 938 3839 ani·
1052 3764 1244 3849 duebatur‚
1271 3783 1375 3862 atque
1398 3762 1560 3837 omnium
1582 3763 1735 3861 aspeslui
1757 3790 1818 3863 pa·

172 3860 389 3936 madvertit.
418 3867 578 3939 Fuerunt
613 3861 652 3939 ἃ
688 3867 860 3939 Pellardae
886 3867 900 3964 (
917 3891 935 3939 a
1053 3868 1170 3941 tebat.
1206 3865 1265 3939 Ad
1301 3865 1385 3938 haee
1412 3863 1592 3937 Subtanum
1619 3889 1690 3935 non
1717 3889 1817 3939 crura

173 3963 356 4046 Pellibus,
382 3982 423 4038 ut
450 3985 564 4062 puto,
601 3993 730 4040 nomen
758 3965 935 4065 sortitae)
1053 3987 1137 4042 tunc
1164 3968 1353 4041 mulierum
1381 3965 1543 4063 tegebat,
1580 3962 1636 4037 sed
1671 3965 1715 4038 ab
1751 3962 1816 4037 bu·

172 4064 301 4136 Cabam'
337 4063 461 4161 (nunc
503 4067 666 4165 Gabeni)
701 4069 736 4142 dt
779 4069 937 4141 Barilloer‘
982 4077 1011 4146 E
1052 4069 1157 4143 meris
1196 4066 1422 4147 descendebat
1462 4063 1505 4138 ad
1546 4063 1714 4148 semota,
1755 4082 1816 4141 aut

172 4163 280 4237 uelles
311 4184 525 4239 memoratae
559 4167 597 4240 in
635 4168 818 4244 Chronico
855 4174 935 4243 Pla·
1053 4170 1226 4245 summlrm
1255 4168 1297 4241 ad
1324 4193 1460 4262 genua.
1498 4170 1537 4239 In
1566 4168 1722 4263 antiquis
1751 4172 1817 4240 Fa·

175 4265 341 4358 centino,
368 4270 491 4342 Tomo
518 4270 616 4343 XVI.
642 4294 832 4370 uan‘s79·
856 4275 935 4346 Rer.
1054 4272 1169 4353 bulis,
1205 4269 1275 4342 srve
1302 4271 1438 4342 Novelle
1462 4269 1610 4350 antiche,
1637 4273 1725 4363 Cap.
1755 4273 1815 4366 83.

175 4366 428 4443 Italicarum
1054 4370 1207 4471 legitur:
1237 4375 1270 4442 E
1292 4370 1384 4460 {eceli
1409 4389 1536 4439 mettere
1560 4395 1604 4438 un
1630 4370 1680 4439 del
1705 4377 1817 4442 Satta-

221 4471 346 4567 Atque
364 4471 444 4546 heie
463 4469 684 4573 Linguarum
700 4473 840 4573 exleges
857 4499 932 4547 mu·
1053 4499 1113 4552 no,
1150 4471 1178 4541 il
1202 4472 1296 4567 quale
1319 4473 1351 4542 le
1375 4474 1466 4542 dava
1491 4500 1512 4543 a
1533 4470 1716 4563 ginoeebr'o.
1744 4476 1816 4543 At·

172 4568 325 4646 tationes
361 4574 619 4649 animadvertas
655 4577 787 4648 velim.
822 4583 932 4646 sorra·
1054 4572 1117 4667 qui
1145 4600 1258 4653 nunc,
1285 4578 1441 4650 Sereana,
1468 4598 1507 4644 ac
1533 4571 1701 4643 Soetanino
1725 4569 1817 4643 dici-

172 4694 241 4759 uo,
282 4672 352 4747 srve
390 4683 527 4749 Sottana
561 4675 677 4776 primb
712 4693 933 4767 nuncupatae
1054 4701 1131 4747 mus
1170 4675 1375 4748 muliebrem
1414 4672 1539 4745 uellent
1567 4699 1587 4744 e
1614 4671 1746 4746 semote
1774 4697 1815 4744 u·

1054 4772 1137 4871 sque
1164 4775 1205 4846 ad
1234 4775 1335 4873 pedes
1361 4771 1596 4853 defluentem.
1623 4796 1728 4868 quam
1751 4769 1816 4848 lli·
1849 4838 1863 4848 .
1932 4858 1935 4862 ,

1053 4875 1219 4952 eubaldus
1233 4877 1497 4975 paludamentum
1510 4874 1556 4954 (γ’
1576 4882 1705 4948 noceam
1726 4899 1817 4951 nun·

1636 4993 1764 5078 cupat,

169 4768 336 4846 uidentur
361 4778 544 4861 interulae,
579 4776 673 4874 qubd
700 4777 762 4851 sub
787 4777 928 4851 'sunici
971 4788 976 4796 '

172 4897 267 4948 nunc
299 4879 515 4973 appellatia
549 4877 809 4955 Mutinensibus
843 4881 926 4952 Giu-
