4214 6014
303 385 389 472 7¹5

592 351 981 442 DISSERTATIO'
998 345 1546 444 riontrnnrnrrumc
1750 390 1836 474 730

294 476 464 547 Alterum
510 470 736 561 florenum,
785 469 854 545 five
891 475 1006 546 Duca·
1049 474 1086 544 A
1129 464 1294 540 nensetn.
1324 468 1381 542 Ibi
1408 467 1510 544 Crux
1537 497 1617 546 curn
1645 471 1739 549 della
1768 479 1805 551 in
1833 507 1895 555 aa·
1975 542 1981 552 .

244 591 321 650 tutn
349 598 489 649 aureum
519 571 673 653 adtexo,
700 556 867 647 Mutinae
894 573 1007 647 adscr-

245 700 365 750 vatum
394 676 432 747 in
473 672 600 748 Museo
641 674 909 748 Bertacchinio.
944 675 1005 749 Ad

242 801 429 877 quemnam
466 774 497 848 is
539 772 695 874 spediet,
744 777 900 849 nondum
945 777 1005 851 de·

241 876 446 980 prehendi..
487 875 543 949 lbi
589 876 723 975 effigies
770 876 1015 955 Praecursoris,

243 1005 323 1055 eum
359 975 474 1052 literis
510 982 543 1050 S.
576 980 837 1052 IOHANNES
886 982 926 1052 Β.
962 979 1005 1054 ln

242 1080 360 1158 aversa
396 1097 492 1179 parte
534 1078 672 1152 Lilium
702 1080 825 1154 visitur
851 1106 929 1153 curn
959 1080 1004 1155 li·

239 1181 326 1258 teris
355 1185 395 1254 R.
426 1183 488 1252 Di.
516 1184 560 1252 G.
593 1184 628 1252 P.
658 1183 812 1254 AVRA.
840 1181 905 1254 Sed
926 1180 1005 1280 quis

240 1283 300 1359 hic
331 1279 520 1380 Princeps?
550 1287 715 1381 Ignotum
746 1282 859 1354 mihi.
887 1281 1004 1379 Suspi-

240 1413 302 1459 cor
320 1405 460 1465 tamen,
481 1388 654 1480 pertinere
674 1383 765 1477 posse
785 1383 827 1455 ad
847 1385 1003 1482 aliquem

239 1513 283 1561 ex
314 1485 539 1575 Principibus
565 1482 872 1567 Aroofiorerfibut.
909 1488 1001 1558 Nam

239 1588 382 1663 Arretio
420 1586 553 1660 Seculis
597 1584 786 1657 barbaricis
827 1588 1003 1683 appellata

217 1689 309 1763 ¹suit
335 1686 481 1761 Civitas
507 1684 687 1768 Aetolico,
705 1711 798 1758 nunc
825 1684 1002 1786 indigenis

239 1798 420 1883 deterge,
472 1783 511 1859 &
556 1784 671 1871 Gallis
711 1795 868 1882 onager.
922 1792 1002 1862 Duo

238 1890 423 1964 Reimandi
467 1886 648 1988 Principes
693 1887 747 1962 ibi
799 1886 889 1960 olim
939 1888 1017 1962 do-·

239 1991 394 2069 minati.
514 2092 517 2098 Ι
615 2079 616 2082 ¹

243 2197 419 2274 Manui
464 2180 714 2269 ministret
757 2196 1001 2290 rotimum

452 2299 787 2372 uriouioituir.

234 2499 333 2684 A
363 2499 496 2575 Multis
541 2500 674 2573 Seculis
719 2502 794 2601 jure
829 2505 1000 2575 Monetae

364 2601 492 2678 fruitur
519 2601 755 2677 nobilissimus
781 2609 863 2674 Ordo
895 2605 1000 2696 Equi-

231 2723 301 2775 tum
328 2707 547 2793 Rhodiorum,
588 2730 680 2777 nunc
707 2707 744 2779 in
774 2704 891 2779 Insula
920 2709 998 2777 Me·

233 2804 349 2878 litenfi
387 2805 680 2879 dominantium.
729 2805 835 2877 Unus
880 2825 996 2877 tamen

232 2933 355 2980 corum
398 2911 575 2980 Nummus
612 2904 702 2978 mibi
743 2905 909 2978 hasienus
936 2932 997 2979 oc·

232 3008 344 3081 currit
380 3007 538 3082 exsiliens
576 3006 757 3080 Bononiae
793 3006 884 3105 apud
923 3033 995 3079 am·

234 3108 426 3205 plissimum
470 3111 585 3181 virum
632 3113 801 3196 Joannem
850 3111 995 3182 Paulum

1128 570 1236 667 gulo,
1256 565 1498 670 &epigraphe
1515 574 1775 673 aliquantulum
1792 605 1894 655 man·

1128 696 1194 758 ca,
1233 671 1295 742 ubi
1332 673 1451 771 legisse
1488 675 1578 748 milti
1615 676 1710 751 visus
1745 680 1819 752 sum
1847 687 1893 760 C.

1128 795 1209 843 cunt
1236 769 1331 846 linea
1358 772 1500 848 forsitan
1519 775 1738 877 significante
1762 785 1831 855 VS.
1850 788 1893 861 E.

1127 876 1365 947 VlTORlAI
1391 929 1547 950 .....
1576 883 1657 952 RA.
1692 881 1735 955 In
1773 885 1891 961 averse

1126 971 1216 1046 sacie
1243 976 1378 1075 effigies
1405 977 1570 1080 Episcopi
1598 981 1797 1082 cujusdam.
1826 986 1894 1063 Li-

1126 1093 1220 1148 terae
1247 1076 1328 1150 illae
1355 1079 1392 1151 in
1421 1081 1535 1154 limbo
1561 1081 1742 1182 supersunt
1774 1089 1890 1167 IEPS.

1124 1228 1281 1250 .....
1309 1183 1465 1254 DVVT.

1175 1280 1343 1353 Alterum
1370 1283 1479 1354 etiam
1507 1282 1653 1384 accipe,
1695 1312 1799 1385 quem
1827 1289 1890 1367 de·

1125 1378 1190 1451 beo
1217 1382 1511 1479 praeclarissimo,
1553 1388 1694 1486 meique
1721 1394 1890 1468 amantis·

1123 1477 1208 1551 simo
1235 1483 1315 1556 viro
1342 1487 1509 1559 Antonio
1544 1491 1691 1580 Scotto,
1730 1495 1888 1571 Patricio

1121 1581 1157 1654 dc
1204 1579 1395 1659 Canonico
1441 1582 1650 1688 Tarvilino.
1691 1592 1734 1666 In
1777 1596 1906 1672 altera*

1122 1681 1212 1757 facie
1247 1686 1372 1761 visitur
1414 1690 1547 1788 Aquila
1561 1688 1575 1780 ,’
1608 1694 1740 1766 circum
1778 1724 1888 1797 quarn

1121 1783 1253 1881 legitur
1279 1789 1467 1889 epigraphe
1490 1796 1772 1870 NOBlLlTAS.
1793 1803 1883 1872 LO·

1120 1888 1250 1958 MVN.
1279 1890 1320 1961 ln
1349 1895 1456 1963 alteri
1483 1890 1628 1967 Corona
1658 1897 1767 1996 Regia
1800 1897 1905 1973 con·n

1120 1984 1269 2082 spicitur
1294 1989 1332 2060 in
1361 2017 1437 2062 area
1465 2018 1544 2064 cum
1582 1997 1697 2069 literis
1732 1999 1886 2098 supposi-

1120 2089 1166 2159 tis
1194 2092 1264 2162 PE.
1291 2087 1386 2164 Infra
1412 2091 1530 2165 nescio
1551 2122 1634 2169 num
1659 2103 1700 2171 R.
1720 2127 1762 2171 an
1784 2101 1886 2175 Aste-

1118 2187 1226 2263 riscus
1246 2213 1430 2290 apparente
1453 2196 1583 2292 quippe
1600 2202 1775 2273 Nummus
1794 2228 1884 2278 aero

1045 2299 1076 2369 C
1117 2290 1293 2383 obtritus,
1322 2293 1558 2369 charadierum
1587 2298 1734 2372 formam
1762 2304 1883 2379 turba-

1119 2392 1193 2465 vit.
1236 2394 1334 2486 Quid
1363 2393 1441 2469 heic
1467 2399 1606 2487 dicam,
1647 2402 1711 2474 vix
1749 2402 1892 2481 habeo.'

1118 2496 1323 2593 Legendum
1361 2498 1507 2573 videtur
1546 2501 1710 2574 Nolitiraer
1735 2516 1884 2577 (emmu-
1939 2550 1946 2561 κ

1118 2599 1205 2664 nium
1225 2603 1486 2670 lombardorum:
1504 2599 1542 2676 ἃ
1565 2606 1732 2675 federicus
1742 2632 1763 2693 ,·
1786 2605 1881 2704 quafi

1117 2697 1174 2768 hic
1203 2703 1379 2772 Nummus
1409 2702 1479 2798 poll
1508 2729 1625 2800 pacem
1648 2701 1879 2784 Constantine
1956 2796 1958 2800 Α

1117 2801 1287 2895 percussus
1315 2801 1483 2902 speslaret
1510 2805 1551 2875 ad
1578 2801 1761 2880 Civitates
1783 2814 1881 2883 Lan·

1116 2901 1328 2996 gobardiae,
1370 2905 1496 3001 quibus
1524 2906 1721 2981 fridericus
1749 2913 1777 2982 I.
1807 2913 1895 2984 lius·

1117 3024 1254 3097 perator
1280 3005 1500 3077 Libertatem
1537 3009 1572 3078 ἀ
1610 3011 1661 3097 Re
1687 3008 1757 3083 alia
1794 3037 1880 3085 con-

1115 3102 1281 3177 cesserat.
1310 3106 1442 3178 Verlim
1470 3107 1530 3180 ubi
1557 3106 1624 3181 hoc
1651 3035 1801 3194 lsatuas,
1838 3108 1879 3188 ἀ

231 3211 479 3283 Mareliionem
508 3212 550 3282 de
580 3211 740 3299 Pcpulis.
785 3207 839 3281 lbi
875 3207 995 3281 visun·
1040 3208 1073 3276 D
1116 3206 1158 3274 R.
1186 3202 1238 3276 ibi
1265 3232 1384 3279 revera
1421 3209 1578 3306 legatur,
1617 3217 1737 3307 Regem
1771 3211 1881 3312 signi·

232 3330 289 3383 rur
317 3312 468 3409 insignia
494 3308 647 3404 religiosi
676 3310 795 3384 illius,
843 3334 882 3375 ac
924 3309 996 3378 sar-

230 3409 353 3484 tisiimi
395 3408 544 3480 Ordinis
586 3431 667 3478 cum
704 3405 819 3477 literis
858 3406 896 3476 in
924 3405 993 3478 cir-

226 3514 325 3584 cuitu
355 3516 394 3583 F.
426 3509 647 3580 FABRICll
675 3510 740 3577 DE
768 3508 993 3579 CARRET-

229 3617 300 3687 TO
329 3617 381 3684 M.
409 3613 533 3683 MGR.
563 3613 603 3680 R.
640 3606 724 3680 idest
759 3608 887 3677 Fratris
923 3612 992 3678 Fa-

228 3716 321 3788 dricii
346 3717 386 3783 de
412 3721 558 3785 Carretto
583 3711 706 3794 Magni
727 3708 883 3806 Magiliri
902 3709 992 3779 Rbo-

227 3820 370 3888 dr'orom.
399 3819 439 3885 ln
469 3813 595 3911 pollice
623 3810 779 3909 effigies,
816 3829 856 3882 ut
884 3829 991 3906 puto,

227 3917 347 3992 Sanffi
397 3917 541 4006 Joannis
584 3912 793 4012 Baptistae,
846 3913 991 3986 Patroni
1038 3959 1041 3965 ·

226 4018 396 4091 videlicet
422 4015 571 4089 Ordinis
598 4014 778 4108 ejusdem,
814 4039 895 4086 cum
922 4015 991 4085 cir-

1115 3302 1243 3376 ficans:
1282 3308 1501 3381 Fridericum
1531 3314 1558 3383 l.
1586 3338 1674 3384 exto
1700 3312 1788 3388 itare
1815 3341 1879 3391 ne·

1113 3426 1233 3500 queo;
1274 3403 1305 3476 is
1340 3406 1435 3478 enim
1469 3414 1641 3503 Imperator
1675 3339 1790 3489 suerat
1814 3442 1877 3514 ap-

1113 3502 1317 3598 pellandus.
1353 3505 1462 3598 Quod
1497 3507 1521 3578 fi
1559 3513 1602 3583 R.
1637 3509 1787 3585 minime
1823 3514 1878 3592 ibi

1112 3605 1230 3676 locum
1258 3603 1384 3679 habere
1412 3625 1537 3705 putes,
1573 3608 1719 3685 unicum
1753 3614 1877 3689 sride·

1111 3703 1178 3777 rici
1205 3731 1334 3780 nornen
1361 3707 1589 3802 instituio,
1630 3712 1674 3786 ab
1709 3714 1782 3816 ejus
1818 3717 1875 3793 di·

1110 3804 1247 3903 gnitate
1274 3807 1462 3884 abhotret.
1490 3812 1551 3885 Ad
1579 3813 1797 3890 fridericum
1825 3822 1875 3895 11.

1110 3907 1168 3980 cui
1204 3908 1368 4006 pleraque
1403 3908 1624 3988 Communia
1650 3919 1874 3992 Lombardo-
2028 3956 2029 3959 ¹

1108 4033 1187 4081 rum
1215 4010 1393 4086 adversata
1418 4012 1533 4096 suere,
1568 4015 1633 4090 vix
1674 4016 1758 4091 haee
1784 4019 1874 4095 rese·

228 4117 420 4201 cumposrrd
457 4118 520 4187 hac
562 4114 821 4212 inscriptione:
860 4116 990 4191 Ecca:
1035 4106 1064 4176 E
1108 4109 1214 4183 tenda
1249 4111 1393 4187 censeo.
1434 4119 1533 4189 Num
1581 4143 1664 4217 ergo
1701 4123 1873 4218 perculsus

223 4224 407 4294 AGNVS.
438 4220 532 4291 DEI.
559 4213 886 4311 Qv1.T‘0L1.18.
914 4217 990 4288 Pec-

225 4343 305 4396 rntr.
327 4319 479 4395 Mundi.

334 4523 627 4603 INCER'l'I.¹
653 4522 897 4598 NUMMI.

323 4721 463 4823 Enique
508 4723 715 4819 subjiciam,
763 4727 799 4796 dt
838 4720 988 4797 eruditis

221 4725 321 4912 D
350 4825 611 4900 divinatoribus
647 4823 895 4923 explicandum
931 4849 988 4897 re-

220 4931 382 5027 linquam
411 4945 614 5030 argenteum
641 4932 863 5009 Nummum,
898 4923 986 4998 Mu·
1193 5023 1201 5038 ι
1347 5024 1355 5040 ι
1384 5021 1393 5040 ·
1570 5025 1578 5044 ι

220 5031 317 5104 tinae
354 5059 374 5103 a
409 5055 465 5104 tne
500 5028 615 5103 visum
652 5054 755 5128 penes
794 5025 982 5101 Comitem
1104 5021 1863 5129 phe111t‚felrciurlacerarerprerenrur.

221 5132 409 5211 Tiberium
437 5129 601 5206 Rittium
630 5128 833 5207 Patricium
864 5114 1023 5204 Muri-l
1059 5134 1075 5210 l
1203 5128 1336 5226 lya
1731 5135 1811 5204 RE.

1110 4215 1286 4287 Nummus
1313 4212 1513 4311 priusquam
1535 4217 1773 4294 Frideticusl.
1794 4221 1872 4299 Co-

1105 4337 1252 4403 ronam,
1288 4315 1323 4384 &
1350 4339 1481 4388 nomen
1507 4315 1698 4413 Augullale
1729 4348 1871 4420 accepe-

1105 4410 1177 4486 rit?
1206 4415 1340 4486 Verltm
1367 4442 1410 4488 eo
1433 4433 1591 4514 tempore
1611 4419 1766 4494 nondum
1788 4444 1870 4500 nata

1105 4532 1181 4588 erat
1204 4515 1344 4585 Societas
1368 4521 1634 4593 lombardorum.
1663 4521 1791 4597 Rursus
1816 4528 1869 4599 le-

1104 4616 1320 4715 gendum-nc
1365 4625 1440 4690 Rcts
1482 4624 1762 4694 lombardorum?
1803 4628 1867 4701 sed

1103 4717 1191 4814 quid
1227 4735 1313 4791 tunc
1347 4715 1560 4821 significabit
1595 4724 1759 4796 Nobilitas
1803 4735 1868 4801 Co·

1103 4825 1209 4890 mon?
1234 4820 1294 4909 Ii,
1322 4821 1450 4916 quibus
1476 4822 1674 4898 meliorest
1700 4824 1866 4927 ingenii,

1104 4940 1167 4995 aut
1190 4923 1373 4995 oculorum
1403 4922 1495 4996 acies
1510 4922 1548 4997 in
1568 4926 1713 5022 legendi
1727 4930 1864 5030 epigra-
