4214 6014
359 369 439 454 231
538 294 1639 456 'Aurronrnnnnrrrrrr
1789 358 1878 456 ‘³³2

279 469 282 474 '
345 452 521 530 Denariur
564 451 885 556 Quinquagesrmus
939 454 1058 529 secun·
1091 473 1125 546 Α
1166 450 1336 552 inscripta
1355 471 1545 553 appareat,
1569 479 1632 529 cur
1653 452 1937 560 Archiepiscope

290 554 383 640 dua,
410 584 430 632 a
450 557 665 630 Fiorarante
690 556 807 632 editus
828 556 870 632 ad
886 556 1055 632 Sardium

290 665 427 734 Merra
446 662 506 732 IX.
529 661 658 757 Papam
675 658 766 757 ,qui
788 663 898 734 Anno
924 656 1055 735 Christi

291 762 472 838 Mxmx.
493 758 750 835 Pontificatum
770 758 879 845 iniit,
899 758 1055 862 spesiat.

269 847 445 963 'tegitur
470 860 509 934 in
536 886 614 937 area
640 864 742 937 LEO
769 866 808 937 P.
834 863 873 937 in
917 862 1054 937 ambitu

290 967 372 1040 SCS
399 966 613 1038 PETRVS.
639 966 767 1039 Altera
807 963 913 1038 facies
949 964 1055 1038 habet

288 1065 548 1142 HENRICVS
587 1068 691 1141 IMP.
732 1070 1053 1148 ROMANORV›

286 1164 375 1244 idest
400 1169 557 1241 Hearicur
582 1170 654 1241 sss.

344 1269 520 1346 Denarius
568 1267 888 1371 Quinquagefimus
927 1268 1053 1345 tertius

1165 551 1345 629 tribuendi
1385 552 1478 638 sint,
1521 579 1594 631 non
1638 556 1787 635 rideo.
1829 565 1939 638 Certe

1164 654 1281 730 sardii
1316 656 1406 728 Petri
1440 661 1578 731 Meneta
1611 657 1746 734 diserte
1785 662 1940 740 Nummi

1165 756 1224 832 illi
1252 759 1496 856 appellantura
1526 783 1616 857 quac
1643 761 1753 837 verba
1777 768 1842 839 vix
1869 766 1941 843 ali·

1165 876 1221 934 ter
1245 857 1424 957 explicare
1451 856 1580 957 possis,
1608 863 1713 960 quim
1738 865 1937 945 tributura

1166 957 1342 1033 Ecclefiae
1383 964 1564 1035 Romanae
1605 967 1852 1063 pendendum,
1895 967 1938 1047 dt

1168 1061 1263 1159 quod
1306 1059 1424 1160 reapse
1463 1062 1554 1137 olim
1595 1065 1711 1140 eidem
1762 1071 1937 1148 Ecclrsrae

1168 1162 1402 1263 pendebatur.
1438 1164 1631 1264 Temporis
1671 1188 1789 1243 autem
1815 1171 1932 1248 edaci·

1165 1282 1243 1357 tas,
1261 1266 1296 1336 δι
1316 1259 1526 1338 conflatores
1546 1267 1713 1368 antiquae
1736 1273 1930 1368 pecuniae,

288 1366 519 1448 Floravantia
545 1371 627 1445 curs
647 1372 689 1446 ad
708 1399 773 1447 nos
792 1373 974 1471 pervenit.
993 1371 1052 1446 Ad
1095 1369 1124 1441 B
1166 1389 1317 1463 quorum
1343 1389 1452 1464 genus
1486 1390 1667 1466 nunquam
1703 1370 1932 1452 defiderarum

288 1472 474 1566 rasurum
512 1477 558 1547 is.
580 1566 582 1571 1
602 1477 732 1595 Papam
771 1474 950 1565 refertur,
989 1471 1051 1571 qui

288 1577 402 1652 Anno
440 1578 618 1651 Muclx.
653 1602 693 1651 an
732 1575 910 1652 Cathedra
956 1572 1051 1646 Petri

289 1674 470 1753 succedit.
504 1676 657 1776 Legitur
681 1676 735 1750 ibi
776 1675 1053 1749 PASGHALIS

290 1779 362 1854 1²1³.
389 1782 437 1853 II.
463 1777 652 1873 eademque
671 1773 858 1872 inscriptio
877 1774 916 1850 in
943 1777 1053 1849 altera

290 1877 382 1953 sacie
409 1877 582 1959 habetur,
609 1874 665 1948 sed
685 1873 800 1950 literis
820 1873 1054 1975 retrogradis.

288 1979 349 2055 Est
375 1980 593 2054 Nummulur
612 1974 829 2061 bracteatus,
856 1976 1054 2077 &quidem

289 2078 498 2181 fingularis.

197 2258 199 2263 ,
279 2266 285 2277 ,
340 2181 520 2282 subjicere
538 2205 632 2254 nunc
652 2179 756 2280 jurat
779 2183 958 2256 Nummos
977 2182 1056 2256 An·

1166 1465 1235 1556 cst,
1260 1464 1299 1539 in
1326 1464 1439 1539 caussa
1464 1464 1583 1552 fuere,
1610 1496 1673 1545 cur
1698 1473 1824 1548 nonii
1853 1496 1960 1551 tan··

1165 1569 1243 1642 tiam
1265 1565 1418 1642 Nummi
1437 1565 1477 1641 in
1496 1594 1581 1671 agro
1603 1576 1788 1666 Romano,
1823 1598 1933 1677 atque

1165 1667 1205 1744 in
1232 1667 1418 1743 Britannia
1453 1669 1527 1770 ipsa
1564 1699 1675 1772 poene
1709 1677 1930 1765 defecerint.

1166 1787 1230 1846 aut
1264 1794 1431 1869 perquam
1466 1770 1537 1847 rari
1570 1796 1782 1875 appareant,
1810 1777 1865 1853 sed
1892 1783 1929 1854 de

1166 1868 1232 1946 alii
1257 1869 1438 1946 innumeri
1466 1873 1695 1975 antiquorum
1724 1882 1930 1959 seculorum

1167 1991 1230 2048 aut
1256 1972 1447 2072 perierint,
1474 1995 1536 2050 aut
1562 1978 1675 2055 adhuc
1699 1979 1929 2058 delitescant.

1219 2074 1379 2150 Primum
1416 2079 1613 2154 Nummum
1642 2082 1707 2155 hae
1739 2085 1863 2158 literae
1895 2111 1932 2160 e-

1165 2194 1345 2257 xornantr
1371 2180 1448 2254 Sci
1473 2184 1622 2258 PETRI
1648 2187 1820 2260 Moneta.
1845 2191 1931 2260 Par·

286 2283 474 2462 ἔξοινος,
500 2308 590 2381 quos
615 2306 660 2356 ex
688 2280 942 2358 Dissertationc
977 2286 1058 2359 An·
1093 2275 1129 2356 C
1165 2302 1228 2354 rem
1249 2280 1395 2372 auersam
1418 2308 1479 2354 nen
1502 2283 1669 2383 intelligo,
1691 2286 1790 2362 addit
1810 2291 1929 2363 Foun.

350 2412 391 2460 ae
412 2383 611 2460 Fountaine
632 2382 836 2483 depromtos
856 2401 959 2459 antea
979 2388 1058 2486 pol·

287 2487 413 2562 licitus
441 2485 517 2563 sui.
543 2489 578 2558 O
603 2484 846 2560 inaturidcm
873 2484 1057 2583 scriptor,

290 2587 390 2664 cusos
415 2587 554 2663 consui
582 2612 603 2662 c
629 2587 803 2672 Eboraci,
843 2587 1057 2663 austoritate

288 2690 409 2792 potius
434 2690 520 2765 illus
545 2686 841 2787 Archiepiscopi,
875 2693 922 2762 ad
945 2713 1057 2785 quem,

288 2793 363 2885 ait,
378 2794 560 2890 pertinebat
572 2789 630 2886 jas
647 2789 784 2865 maadi
801 2794 971 2861 Mortem
989 2808 1056 2863 ram

289 2895 328 2968 ir
352 2894 442 2987 usam
467 2917 656 2966 communem
668 2938 681 2973 ‚
706 2893 803 2987 parim
825 2890 862 2963 r'n
883 2889 1057 2964 Tribunum

288 3000 400 3097 Papae
418 2994 629 3089 scrivendam.
654 2995 754 3067 Tum
780 2990 901 3075 addit,
938 2995 1056 3068 nullos

1166 2380 1289 2458 taine.
1317 2385 1374 2458 Ne
1399 2408 1466 2484 ego
1491 2385 1657 2484 quidem.

1217 2484 1260 2560 In
1286 2482 1436 2559 secundo
1464 2513 1525 2580 par
1550 2488 1763 2585 Inscriptio,
1793 2490 1930 2567 scilicet

1165 2588 1242 2661 SCs
1268 2589 1416 2661 PETRI
1439 2591 1611 2664 Moneta.
1639 2594 1802 2666 Alterius
1826 2592 1932 2668 facici

1165 2685 1351 2782 inscriptio
1382 2688 1535 2762 tenebris
1564 2689 1699 2783 scatet,
1729 2718 1855 2793 nempe
1884 2699 1934 2767 Ε-

1166 2789 1384 2862 RlvuTM.
1421 2795 1495 2862 Har
1529 2791 1641 2866 literar
1674 2797 1829 2891 explicare
1868 2823 1932 2869 nora

1161 2888 1314 2981 paffium,
1341 2887 1464 2987 inquit
1490 2892 1708 2969 Fountaine.
1750 2897 1847 2972 Idem
1875 2924 1932 2971 re-

1166 3008 1249 3090 peto
1284 2987 1324 3064 &
1360 3017 1453 3090 ego,
1489 2991 1554 3067 nisi
1589 2994 1775 3097 legendum
1812 2996 1856 3073 fit
1887 3002 1931 3076 Ε.
2023 3084 2026 3089 4

288 3124 334 3173 ex
360 3098 435 3197 ejus
461 3093 598 3194 generis
626 3093 796 3169 Nummio
833 3092 979 3191 reperiri
1014 3094 1054 3168 in
1134 3094 1322 3188 ,cium
1345 3096 1400 3165 Μ.
1427 3092 1514 3167 idest
1539 3098 1743 3184 Eboracenstr
1768 3100 1933 3175 Civitatis

287 3197 430 3274 ditione
456 3196 601 3296 Papali:
640 3220 684 3268 ex
712 3219 784 3292 quo
809 3192 934 3267 inferri
962 3193 1054 3292 posse
1092 3204 1128 3277 D

287 3299 458 3389 videtur,
477 3325 548 3373 non
569 3297 607 3372 in
627 3320 707 3371 euna
729 3293 838 3372 finem
858 3293 1055 3396 percussos,

289 3421 330 3478 ut
356 3400 591 3477 Pontificibus
619 3396 1051 3495 Romanis'persolvcren·

286 3523 368 3580 tur.
394 3504 459 3580 Sed
479 3529 589 3602 quum
609 3501 648 3580 in
669 3500 716 3576 iis
743 3499 913 3577 Nummio
938 3500 1053 3574 EBO·

287 3608 423 3686 RACE
447 3610 560 3692 clv,
584 3605 670 3685 idesi
687 3598 897 3694 Eboracrafir
910 3603 1054 3680 *ctum

1165 3195 1465 3391 Miudsisdquentes
1477 3295 1628 3373 Nummi
1639 3297 1800 3390 Tertius,
1811 3305 1932 3399 Quar-

1163 3419 1246 3486 rua,
1270 3394 1474 3490 Quindius,
1498 3402 1649 3490 Sextus,
1668 3399 1708 3476 ἃ
1732 3405 1934 3504 Septimus,

1167 3496 1211 3572 ad
1236 3499 1462 3594 uternensem
1484 3503 1667 3578 Civitatem
1692 3505 1873 3609 spedicunt.

871 3803 1334 3884 ROMA
