4214 6014
374 341 464 449 '³87

672 335 1114 456 ..inriguam
1166 334 1652 425 neutram

1809 310 1902 460 ,tr

367 451 543 528 Secundus
570 457 748 530 Nummus
776 483 915 545 aereus,
944 454 1079 552 percus-
1124 459 1160 529 A
1200 452 1355 529 miliaria
1382 475 1505 530 erant.
1546 457 1579 533 Is
1606 485 1625 531 a
1657 460 1803 534 Saeculo
1830 461 1963 538 christi

316 553 393 644 ius,
444 574 484 629 ut
523 554 699 646 creditur,
749 557 892 633 circiter
933 561 1078 644 Annum
1135 610 1139 615 -

315 655 447 732 Christi
502 659 727 734 MCCCXL.
781 655 842 731 sub
896 656 1080 733 Obizzon‘e
1129 650 1138 679 ²

314 757 527 834 Marchione
555 759 680 832 Estensr
702 759 857 834 'domino
881 762 1080 850 ferrariae,

314 859 355 934 in
394 862 505 934 altera
545 859 635 935 faeie
672 861 888 960 imaginem
912 861 1078 959 Episcopi

316 959 467 1059 praefert
494 982 574 1035 cuna
601 964 790 1065 epigraphe
817 970 850 1039 S.
878 968 1079 1039 MAVRE·

314 1066 430 1145 urs
467 1067 504 1135 P.
546 1063 631 1137 idest
670 1065 847 1141 ferrariae
897 1066 1080 1140 Prorefiora

314 1167 372 1237 In
387 1166 498 1238 altera
524 1164 658 1262 inhgne
677 1164 854 1242 Civitatis
882 1167 1080 1268 Ferraricp·

314 1261 465 1340 fiscum
496 1264 611 1340 literis
641 1273 705 1341 DE
733 1273 979 1345 FERARIA.
1017 1331 1020 1335 .
1069 1266 1072 1271 ⁵

368 1368 514 1441 Tertius
534 1396 674 1461 aereus,
702 1372 878 1445 Ferrariae
897 1371 987 1466 apud
1013 1375 1080 1443 Ba·

317 1468 530 1559 ruffildum,
548 1474 585 1544 &
604 1471 773 1550 Mutinae
791 1474 830 1548 in
854 1472 979 1547 Museo
999 1476 1081 1546 Ber·

314 1571 524 1662 tacchinio,
551 1599 591 1647 ac
619 1601 722 1673 penes
741 1573 927 1650 Comitem
952 1576 1080 1664 Johan·

170 1760 177 1773 ⁸
265 1712 267 1714 ·
317 1696 401 1746 nem
429 1674 618 1772 Baptistam
647 1673 1081 1750 Scalabriniumadserva·

318 1787 397 1864 tu's',
440 1780 560 1872 pariam
604 1777 869 1876 apraecedenti
903 1773 1082 1867 diffimilis

315 1874 388 1964 est,
415 1876 806 1975 neque-explicatione
822 1878 980 1977 indiget.

317 2023 325 2035 ,
370 1981 529 2071 Quartus
556 1979 764 2079 argenteus,
802 1978 966 2054 Mutinae
992 1978 1082 2070 apud

316 2077 732 2178 Iohannem'Ba'ptiiiam
759 2075 909 2156 Cauiam
932 2081 1081 2181 Jrrriipe·

317 2180 428 2254 ritum
445 2178 522 2272 ,''&
550 2177 640 2281 apud
669 2181 911 2257 Dominicum'
930 2185 1083 2258 Vandel·

1201 557 1305 654 usque
1336 562 1396 630 XI.
1422 584 1543 630 eorum
1572 561 1765 657 primordia
1793 566 1961 639 deducit.
2073 582 2078 591 “

1200 663 1281 733 Ηοε
1308 660 1409 731 nullo
1436 657 1664 735 fundamento
1683 664 1752 738 niti
1775 667 1963 740 anihi'ere·

1198 760 1314 833 ditur.
1341 760 1448 851 Quod
1476 757 1582 834 hille
1600 763 1723 839 tandiu
1755 787 1836 839 ante
1855 769 1961 865 igno-

1198 862 1293 934 ravit
1322 861 1513 960 insignium
1549 862 1721 965 ejusmodi
1755 869 1960 968 originem,

1198 960 1413 1036 excusandus
1453 990 1519 1065 ego
1560 958 1674 1048 certe',
1722 970 1816 1066 quod
1857 989 1961 1051 tanto

1199 1081 1358 1157 tempore
1384 1065 1457 1160 post
1484 1067 1645 1142 inuenire
1672 1095 1742 1140 non
1764 1071 1962 1159 potuerim.
2035 1141 2039 1145 .

1200 1165 1364 1262 Spefiiat,
1392 1184 1431 1240 ut
1448 1167 1607 1265 opinor,
1634 1167 1694 1242 hic
1724 1174 1899 1245 Nummus
1918 1169 1959 1244 ad

1200 1265 1368 1338 Nicolaum
1416 1273 1479 1341 m.
1525 1272 1745 1341 marchionem
1785 1273 1989 1365 Eliensem,

1125 1381 1153 1450 Β
1201 1368 1399 1456 Penariae,
1441 1368 1607 1444 Mutinae
1636 1370 1963 1465 pronominum,

1200 1467 1262 1565 qui
1289 1473 1398 1542 Anno
1424 1471 1557 1546 christi
1597 1476 1877 1549 Mcccxcttt.
1907 1474 1965 1551 uti

1200 1594 1310 1668 nuper
1348 1569 1527 1663 diximus,
1564 1575 1719 1648 Alberto
1752 1575 1962 1653 Marehioni
2028 1584 2032 1593 ’

1201 1673 1292 1770 patri
1319 1669 1381 1745 suo
1406 1676 1443 1747 in
1471 1675 1718 1749 dominatione
1744 1675 1924 1750 suceessit.

1251 1777 1377 1846 Sextus
1404 1803 1441 1848 ar
1465 1796 1613 1866 enteus,
1653 1776 1690 1849 in
1732 1776 1857 1850 Museo
1893 1781 1962 1852 ua-

1202 1874 1366 1949 tuiialdio
1393 1802 1620 1968 adiuvatur,
1661 1877 1698 1950 in
1736 1881 1845 1952 altera
1872 1877 1962 1954 faeie

1200 1977 1305 2050 offert
1331 1975 1463 2079 infigne
1490 1978 1712 2054 ferrariensis
1740 1979 1874 2067 Urbis,
1902 1981 1963 2054 ad·
2096 2003 2097 2008 ’

1200 2078 1287 2150 ditis
1327 2078 1363 2151 in
1408 2080 1560 2155 circuitu
1596 2079 1731 2155 literis:
1776 2085 1964 2156 LEONE·

1198 2183 1294 2254 -LVS
1320 2183 1583 2257 MARCHIO.
1625 2182 1667 2256 In
1694 2185 1806 2256 altera.
1829 2181 1964 2300 effigies

320 2280 438 2371 lium,
479 2281 637 2381 aliosque
676 2284 862 2376 exsistens,
908 2287 1081 2385 Aquilam
1126 2285 1158 2360 C
1200 2281 1366 2379 Episcopi
1416 2283 1539 2356 vifitut
1589 2309 1669 2356 cum
1728 2283 1959 2382 inscriptione

318 2378 1082 2564 {aasabimhabitata·

316 2588 468 2674 (ΣΙ-ΠΟ,
496 2587 666 2687 uidelicet
694 2589 857 2663 estensis.
886 2588 926 2662 ln
954 2590 1084 2685 postica
1108 2635 1111 2643 ·

316 2691 465 2762 &utum
492 2715 574 2766 curn
601 2689 793 2789 iniignibus
817 2689 1016 2774 Civitatis,
1043 2687 1082 2765 ἂ

319 2789 509 2890 epigraphe
537 2796 601 2864 DE
629 2797 876 2867 senatun.
919 2791 1083 2892 Defigne·

318 2906 441 2964 tur-ne
466 2889 547 2965 heic
575 2893 747 2968 Nicolaus
775 2894 1009 2969 11.Marehio
1036 2899 1085 2966 E·

317 2989 460 3081 stenfis,
499 2993 562 3091 qui
604 2999 713 3070 Anno
752 2990 887 3071 Christi
921 2999 1082 3071 MCCC·

315 3095 437 3172 Lxss.
458 3095 636 3171 ferrariae
654 3096 925 3186 dominabatur,
952 3122 994 3167 an
1015 3098 1084 3168 Ni·

1200 2384 1779 2475 S.MAVREL1VSEP18c0pus.
1808 2385 1962 2459 Leonel·
1988 2438 1989 2443 κ

1200 2491 1252 2561 lus
1293 2485 1459 2558 Marchio
1499 2483 1642 2558 Estenfis
1672 2485 1849 2560 dominari
1878 2491 1962 2559 Fer·

1199 2588 1308 2663 rariae
1335 2587 1453 2684 coepit
1480 2589 1590 2660 Anno
1609 2585 1743 2701 Christi
1764 2589 1962 2661 MCCCC·

1201 2692 1447 2885 xbiprimus,
1474 2789 1640 2864 Mutinae
1666 2785 1703 2861 in
1729 2785 1857 2862 Museo
1876 2791 1961 2861 bet·

1199 2891 1402 2980 taechinio,
1451 2891 1493 2965 ad
1536 2891 1695 2965 eumdem
1748 2892 1961 2964 Leonellum

1201 2996 1354 3096 spebiat,
1393 2995 1428 3065 ἃ
1471 3018 1635 3091 perquam
1673 2991 1797 3065 similis
1825 3016 1962 3087 praece·

1199 3099 1295 3168 denti
1323 3094 1395 3181 est,
1436 3093 1498 3163 nih
1542 3092 1635 3189 quod
1664 3092 1742 3164 heic
1769 3093 1901 3185 legitur
1927 3095 1961 3166 S.

316 3197 762 3292 eotaus111.quinnno
798 3200 1080 3271 Mcccxcnt.
1131 3192 1161 3257 D
1201 3200 1327 3267 Mau.
1354 3192 1438 3262 idest
1478 3191 1617 3264 sandius
1658 3193 1842 3264 Maureiins
1883 3195 1963 3262 FE-

317 3294 496 3369 dominari
526 3295 684 3394 coepit,·
710 3295 792 3394 aliis
827 3295 1081 3372 decernendum

318 3397 484 3494 relinquo
501 3449 511 3470 .
835 3428 841 3437 ·

316 3543 330 3555 --
369 3497 550 3590 Quiniius
590 3486 801 3600 argenteua„
841 3503 1008 3594 Mutinae
1044 3501 1084 3575 in

308 3601 447 3675 *Muteo
474 3593 772 3675 Bertaeenin'io‘a
793 3626 849 3677 me
867 3603 985 3690 visus,
1013 3593 1084 3675 cas·

318 3695 448 3783 fidem,
469 3697 544 3773 -cui
561 3699 821 3800 ¹superpositum
858 3705 904 3780 est
931 3704 1088 3805 Aquilae

322 3817 511 3873 coronatae
539 3821 669 3903 eaput,
697 3803 869 3896 exhibet,
896 3834 976 3881 cum
1005 3807 1086 3879 lite·

318 3899 484 3976 ris'hnrc
511 3905 545 3975 br
573 3898 661 3978 inde
684 3909 720 3978 N
749 3911 775 3979 1.
803 3907 942 3981 fortaffe
981 3908 1086 4006 figni-

321 3997 512 4086 ficaqtibus
548 4006 721 4078 Nr’coburs.¹
759 4006 975 4082 Circumstat
1010 4008 1117 4096 epi-³
1202 4025 1232 4073 ro
1258 4000 1442 4081 Maureh'o,
1468 4024 1485 4067 e
1509 3995 1689 4120 daiifaltra
1713 4001 1748 4069 di
1775 4024 1837 4069 uno
1861 4001 1965 4071 Scede

317 4097 474 4198 graphe:
520 4107 778 4200 NICHQLaus
804 4109 1086 4182 -MARCHIQ
1130 4093 1158 4160 Ε
1199 4108 1244 4172 da
1266 4128 1402 4189 guerra.

316 4198 522 4275 {rr-aversa
566 4195 665 4304 paite'-
712 4211 896 4296 Moneeeros,
940 4210 1086 4301 pedibus

318 4299 470 4390 orestis,
498 4302 537 4381 ἀ
559 4307 595 4381 in
617 4306 769 4381 circuitu
793 4303 985 4396 Crucicula
1005 4333 1085 4403 curn

315 4402 438 4476 arteris
470 4397 532 4480 οε
561 4393 804 4499 reniam.
837 4413 932 4482 nme
962 4419 1112 4482 annos.

318 4496 492 4590 ducentos
507 4509 765 4607 quinquaginta
788 4512 990 4610 Peregrinus
1009 4509 1086 4583 Pri·

318 4601 459 4686 {cianus
485 4610 524 4680 in
552 4609 739 4703 Annalib.·
755 4610 869 4682 Mitis
909 4610 1086 4686 Civitatis

320 4698 533 4807 ferrariae,
552 4696 774 4803 inquirebah',
799 4711 888 4783 unde
908 4711 1085 4812 originem
1109 4720 1113 4743 ²

320 4807 500 4881 traxerint
540 4806 958 4906 insignia-''Monoeerotin
996 4836 1113 4907 quae·

322 4912 552 4984 e-·nonnuliie
578 4937 622 4984 ex
651 4910 875 5004 Principibus'
916 4910 1084 4984 Atestinis

1201 3296 1481 3368 RARIENSIS.
1523 3291 1657 3366 Rodius
1705 3292 1745 3364 in
1786 3290 1959 3367 Annalib.

1199 3393 1470 3470 Ferrariensrbus
1520 3393 1663 3483 mstis,
1714 3393 1756 3466 ad
1812 3396 1961 3466 Annum

1201 3500 1512 3572 mccccxux.
1550 3496 1634 3569 haec
1661 3495 1787 3568 habet:
1830 3495 1963 3565 Comin-

1200 3601 1282 3693 eioffi
1307 3625 1329 3670 a
1350 3598 1500 3692 spendore
1526 3598 1561 3668 in
1586 3592 1794 3695 queli’dnno
1831 3597 1868 3666 di
1894 3594 1965 3691 quei

1202 3701 1376 3798 Quartrini
1411 3701 1448 3768 ds·
1483 3726 1589 3780 rame,
1630 3700 1644 3768 i
1680 3700 1772 3793 quali
1798 3696 1870 3786 fine
1904 3697 1964 3767 ei

1199 3804 1307 3898 giomi
1326 3798 1420 3885 nolin·
1444 3798 1471 3882 fi
1490 3800 1566 3887 sono
1587 3799 1706 3892 sempre
1725 3798 1808 3887 spefi
1827 3800 1859 3865 in
1880 3798 1963 3865 Fer-

1203 3931 1300 3987 rata,
1326 3903 1371 3970 da
1396 3924 1461 3967 una
1486 3897 1596 3969 banda
1620 3899 1744 3968 cunimi
1760 3899 1796 3968 di
1814 3924 1857 3967 un
1874 3902 1965 3972 San,-

1186 4230 1210 4266 .·
1250 4202 1409 4275 Odiavus
1450 4219 1633 4301 argenteus
1674 4202 1712 4276 in
1740 4198 1866 4273 Museo
1893 4203 1962 4271 Ba·

1200 4303 1367 4378 ruffaldio
1417 4303 1650 4391 Ferrarienfi,
1691 4302 1835 4375 exhibet
1876 4303 1963 4372 San·

1201 4405 1298 4479 dium
1319 4405 1518 4503 Georgium
1546 4405 1689 4475 stantem
1717 4425 1757 4471 ae
1781 4399 1963 4496 porrigen-

1202 4527 1274 4580 tem
1303 4507 1475 4579 vexilium
1505 4504 1612 4585 Borfio
1638 4502 1824 4572 Murcbioni
1847 4503 1964 4589 Elian-

1196 4608 1248 4689 fi.
1276 4608 1317 4680 ad
1339 4606 1440 4677 instar
1461 4609 1697 4674 Nummorum
1722 4607 1963 4680 Venetorum.

1203 4708 1256 4780 lbi
1278 4707 1407 4796 legitur
1427 4704 1509 4774 baec
1528 4704 1737 4800 epigraphe:
1762 4710 1794 4776 S.
1811 4709 1964 4778 GEOR·

1201 4812 1323 4879 GIVS.
1362 4808 1549 4876 BORSIV.
1593 4808 1707 4876 DVX.
1749 4806 1812 4903 qui
1856 4811 1963 4878 Anno

1202 4905 1334 4981 Christi
1378 4908 1640 4980 MCCCCLN.
1684 4912 1765 4979 Dux
1797 4905 1966 4981 Mutinae

325 4991 488 5119 Ustlfpata
526 5009 646 5101 fuere,
690 5011 817 5112 suoque
848 5031 1004 5110 tempore
1032 5006 1086 5083 fa·
1170 5011 1237 5105 1&
1264 5007 1367 5109 Regii
1393 5034 1414 5082 ²
1441 5008 1622 5095 friderico
1650 5008 1719 5088 iii·
1746 5009 1963 5139 imperinm·
2017 5081 2022 5090 -
