4214 6014
296 361 380 444 227
440 261 444 266 ⁸
573 323 1306 452 estrumentum
1350 324 1552 414 neor
1736 322 1823 414 ωε

229 449 410 521 meridiano
446 447 612 545 usquead
636 453 805 545 terminos,
841 479 918 550 quor
945 454 1002 544 sre-
1040 454 1077 525 A
1114 476 1175 523 nos
1200 453 1246 521 od
1272 448 1458 520 mandatum
1485 439 1634 528 Lucensis
1662 444 1811 538 Episcopi
1832 442 1884 512 in·

228 549 338 638 petius
364 549 626 625 nominavimus.
664 562 793 628 Ceterae
817 582 893 628 uero
925 577 1004 652 pas·
1081 570 1084 576 '
1108 553 1166 645 sra
1195 549 1376 647 praediisve
1411 547 1574 640 confines,
1610 548 1741 636 exceptis
1779 570 1886 619 etrum

228 666 281 716 ses
306 654 443 724 debeant
468 655 603 736 diuidi,
631 656 680 728 ita
704 658 824 748 scilicet
848 662 1004 732 Dominus

233 753 429 824 Gullielmus
464 762 617 829 Lucanus
640 760 842 858 Episcopus,
878 761 1005 858 ejusque

226 851 405 950 successores
446 857 561 930 debeat
602 863 713 934 babere
752 867 833 936 duas
871 885 1004 963 partes,

168 993 170 998 v
228 958 280 1028 (9⁹
300 961 512 1055 suprascripti
540 968 606 1060 Ugo
632 970 741 1036 Comes
761 965 808 1046 du
827 972 1001 1038 Conemun·

233 1061 298 1139 dut
323 1085 416 1158 etque
442 1065 630 1157 Superbus,
667 1069 711 1138 (J
746 1097 848 1140 eorum
883 1072 1006 1141 heredes

228 1164 364 1237 tertiam
390 1184 514 1256 partem
533 1166 688 1266 siueper
713 1173 929 1264 transversim
958 1172 1005 1257 fi»

231 1292 275 1342 ‚ve
310 1290 366 1362 per
401 1271 530 1365 longum
564 1270 705 1357 debent,
746 1272 793 1353 ἅν
834 1295 936 1345 tenere
967 1276 1007 1344 'in

1114 656 1290 744 Dominis,
1326 653 1374 725 ita
1409 675 1514 723 tamen
1552 653 1634 746 quod
1670 670 1741 718 non·
1770 654 1888 720 teuent

1080 752 1083 761 ¹
1114 757 1256 852 esem.
1284 763 1329 827 ad
1354 756 1559 845 conserendum
1595 758 1722 824 Lucano
1750 750 1886 846 Episco-

1079 920 1082 933 .
1112 884 1152 957 po
1185 855 1386 952 praedic‘lum
1421 856 1567 942 Caslrum
1602 856 1655 924 vel
1696 854 1884 945 iustitiam,

1079 959 1082 965 ⁴
1114 990 1210 1060 qnam
1235 964 1329 1033 habet
1356 961 1389 1031 in
1416 958 1576 1054 praedillo
1600 956 1728 1042 uaslro,
1750 957 1823 1040 five
1846 983 1888 1026 ot·

1111 1066 1182 1158 sum
1218 1065 1381 1150 minuere,
1419 1066 1473 1132 vel
1511 1065 1716 1130 minuendum
1752 1063 1886 1130 Curtem

1116 1175 1155 1238 de
1190 1174 1276 1238 Arce
1312 1171 1351 1236 de
1386 1168 1492 1236 Sala.
1529 1169 1577 1234 Et
1611 1161 1644 1246 fi
1677 1161 1887 1256 suprascripsi

1117 1270 1252 1341 Domini
1278 1271 1401 1339 vellent
1438 1266 1557 1354 auserre
1578 1264 1789 1362 'praediblum
1815 1269 1882 1335 Ca·

228 1371 363 1463 seudum
389 1400 412 1443 a
444 1378 575 1446 Lucana
612 1375 776 1458 Ecclesia,
813 1378 856 1447 θ
891 1408 912 1448 a
938 1383 1007 1448 Lu·
1048 1388 1078 1459 Β
1108 1371 1212 1459 sirum
1252 1369 1383 1452 Lucenfi
1427 1372 1580 1466 Episcopo
1624 1390 1682 1439 aut
1720 1365 1884 1462 suslitiattt

233 1471 318 1562 sense
346 1474 501 1574 Episcopo
521 1475 613 1548 illam
632 1479 761 1550 tertiam
786 1501 909 1571 partein
929 1507 1009 1575 quae

231 1576 277 1647 eis
305 1577 452 1666 comperit
494 1576 533 1650 in
570 1580 751 1679 praediiso
790 1583 1008 1680 Dongione,

236 1676 285 1757 (γ’
313 1678 347 1747 irs
374 1679 440 1751 alio
467 1682 596 1765 Caslro,
625 1683 667 1750 Θ
696 1685 729 1750 in
757 1703 819 1753 toto
848 1689 949 1752 Podeo
975 1710 1006 1752 e·

233 1774 292 1871 sus
327 1779 434 1863 Casiri
448 1806 468 1868 ;
504 1781 551 1858 du
590 1781 653 1878 ipse
690 1790 756 1879 Ugo
792 1788 928 1867 Comes,
966 1786 1009 1855 D?

236 1884 484 1972 Conemundus,
524 1905 618 1978 atque
653 1890 812 1979 superbus
838 1888 882 1958 (θ’
907 1888 1008 1958 bomi-

238 2009 293 2054 ues
320 2009 424 2052 eorum
449 1987 563 2056 debent
588 1985 697 2074 jurare
715 1985 914 2077 fidelitatem
939 1996 1009 2060 Lu-

237 2082 319 2168 censi
352 2084 508 2167 Ecclesiae
534 2086 581 2165 &
609 2088 743 2171 Iatcenst
777 2090 931 2186 Episcopo
956 2119 1008 2162 ca·

236 2186 373 2276 obolico,
408 2188 466 2282 qui
500 2194 588 2258 modb
615 2189 648 2259 in
685 2217 722 2262 ea
748 2195 790 2277 esi
824 2194 881 2262 vel
914 2214 1011 2265 autea

1116 1475 1171 1544 vel
1197 1472 1306 1565 usum,
1328 1479 1421 1569 'quem
1448 1478 1541 1545 babet
1565 1473 1620 1543 vel
1643 1491 1739 1544 antea
1764 1466 1883 1541 babue-

1117 1576 1162 1645 rit
1188 1576 1222 1645 in
1247 1576 1409 1666 praedibio
1434 1577 1544 1658 Cosiro
1559 1632 1569 1665 ,
1586 1599 1633 1647 cut
1660 1576 1694 1646 in
1721 1581 1817 1645 Curte
1832 1571 1883 1642 de

1117 1678 1198 1751 Sala
1224 1681 1280 1749 vel
1310 1680 1377 1769 ejus
1410 1680 1614 1776 pertinentiis
1652 1678 1789 1747 minuere
1814 1700 1885 1744 eum

1118 1788 1246 1852 Lucano
1276 1782 1428 1877 Episcopo
1454 1805 1559 1853 contra
1587 1783 1655 1850 illoc
1670 1832 1789 1854 ......
1824 1779 1882 1849 de-

1117 1887 1209 1955 bent.
1248 1889 1295 1952 Et
1316 1883 1348 1966 fi
1371 1885 1532 1978 pracsatus
1560 1885 1714 1955 Dominus
1741 1879 1884 1952 Gulliel-

1117 2013 1184 2055 mus
1213 1985 1356 2068 Lucensis
1386 1988 1584 2078 Episcopus,
1620 1989 1674 2054 uel
1708 1982 1777 2076 ejus
1808 1981 1885 2072 suc-

1116 2083 1235 2181 cessores
1263 2115 1323 2158 non
1351 2089 1521 2160 habuerint
1550 2089 1685 2158 bomiues
1712 2088 1757 2158 ad
1785 2081 1883 2154 babi-

1115 2194 1249 2262 tandum
1276 2193 1439 2288 adlogatos
1460 2190 1531 2275 fine
1553 2191 1670 2281 sraude
1697 2188 1730 2258 in
1757 2189 1882 2256 duabus

234 2289 324 2382 suit,
352 2317 419 2361 cum
446 2293 487 2363 ab
514 2315 547 2359 eo
573 2291 707 2382 velsero
733 2297 817 2364 certo
841 2290 1010 2387 Missoin-
1032 2281 1180 2384 *G'suis
1214 2295 1360 2387 partibus
1397 2291 1559 2382 praedilii
1598 2290 1728 2378 Casiri,
1768 2289 1882 2359 deinde

238 2391 350 2490 quilici
372 2393 499 2483 suerint
525 2417 633 2465 contra
668 2421 786 2465 omnem
820 2400 1009 2491 personam,

240 2512 366 2584 excepto
390 2497 579 2592 imperatore
606 2494 652 2574 ὅθ’
679 2498 814 2590 Lucense
835 2501 1009 2597 Episcopo,

239 2598 289 2669 ita
315 2616 420 2668 tamen
449 2604 532 2692 quod
563 2618 621 2694 pro
652 2602 838 2694 imperatore
864 2623 922 2674 aut
954 2627 1011 2699 pro

238 2698 375 2790 Lucense
404 2699 558 2793 Episcopo
585 2727 646 2769 non
673 2708 787 2773 debent
814 2709 952 2773 minuere
976 2707 1010 2773 in

239 2801 349 2894 aliquo
381 2798 544 2889 jusiitiam
571 2799 719 2886 Lucenfis
749 2804 926 2888 Ecclesiae.
963 2812 1012 2876 Et

105 2928 108 2933 ’
240 2904 316 2974 item
352 2901 488 2972 debeant
518 2901 621 2991 sacere
654 2923 761 2994 pacem
788 2905 834 2986 θ’
861 2934 1009 3002 guerram

229 3004 286 3085 «όν
324 3029 456 3100 guerras
497 3024 605 3078 contra
644 3033 747 3080 ornnes
787 3009 924 3081 homines
966 3015 1011 3084 ad

237 3116 427 3180 mandatum
456 3109 580 3178 Lucani
606 3110 792 3207 Episcopi,
829 3114 885 3206 qui
923 3129 1009 3184 moto

239 3205 289 3277 ibi
315 3208 379 3294 esi,
408 3210 462 3277 vel
487 3232 542 3304 per
569 3231 706 3305 tempora
727 3213 852 3303 suerit,
879 3215 934 3283 uel
955 3216 1010 3307 sui

1116 2394 1280 2489 usquead
1304 2395 1503 2478 consiiturum
1530 2394 1696 2463 terminum
1722 2390 1883 2461 duodecim

1115 2523 1268 2570 annorum
1302 2496 1463 2593 praeditli
1501 2503 1598 2594 Ugo‚
1634 2498 1856 2566 Corremuudut
1872 2540 1884 2573 ,

1115 2621 1210 2694 atque
1229 2603 1387 2695 Superbus
1413 2598 1460 2677 θ’
1487 2601 1610 2669 heredes
1639 2623 1741 2668 eorum
1768 2593 1885 2666 debent

1115 2702 1226 2771 habere
1253 2702 1286 2771 in
1318 2701 1412 2787 scum
1437 2731 1458 2770 a
1485 2707 1612 2771 Lucano
1649 2703 1802 2792 Episcopo
1839 2696 1886 2765 il-

1115 2805 1173 2873 lud
1208 2802 1390 2886 refiduum,
1426 2809 1510 2900 quod
1546 2801 1728 2892 remanserit
1762 2803 1801 2869 de
1828 2797 1883 2868 di·

1114 2905 1173 2975 liis
1199 2908 1322 2976 duabus
1347 2907 1572 3003 portionibus,
1609 2909 1691 3001 quod
1717 2928 1778 2972 uon
1809 2901 1883 2993 sue-

1115 3009 1160 3078 rit
1185 3012 1353 3100 legatum,
1382 3009 1430 3081 ita
1455 3012 1539 3104 quod
1565 3035 1631 3078 cum
1659 3033 1760 3075 eorum
1787 3001 1884 3073 tertia

1112 3112 1275 3197 portione,
1311 3108 1358 3187 dp·
1385 3137 1452 3179 curn
1480 3113 1537 3178 illo
1565 3108 1685 3193 refiduo
1711 3135 1772 3177 uon
1798 3131 1884 3177 exce·

1112 3217 1173 3280 dat
1207 3212 1263 3280 vel
1302 3213 1464 3301 trascndat
1505 3211 1702 3281 medietatem
1738 3212 1778 3278 de
1813 3207 1885 3278 illis

239 3311 315 3379 certi
343 3311 438 3402 Miffi
474 3310 508 3381 in
544 3316 642 3381 Curte
675 3315 716 3383 de
751 3316 858 3396 Sala,
895 3319 939 3385 (θ’
974 3320 1008 3387 in
1047 3339 1081 3407 1)
1114 3318 1236 3384 duabus
1270 3314 1467 3404 portionibus
1499 3315 1554 3403 seu
1592 3308 1742 3403 partibus
1781 3312 1884 3381 Don·
1927 3341 1930 3350 ·

232 3412 393 3502 rotarius
417 3414 611 3508 pertinentia
630 3415 686 3485 uel
711 3417 937 3506 pertinentiis,
965 3421 1008 3489 (t
1114 3415 1259 3513 gionis,
1287 3414 1334 3496 (φ
1360 3420 1399 3486 de
1425 3417 1601 3504 apendiciis
1631 3413 1676 3499 fic
1698 3413 1804 3509 supra·
1824 3416 1882 3481 de·

234 3515 378 3585 omnibus
416 3515 490 3586 locis
518 3517 665 3600 Lucensis
691 3518 902 3614 Episcopatus
934 3541 1007 3610 per·
1088 3564 1089 3568 =
1108 3516 1264 3608 scriptis,
1292 3516 1338 3595 ἄν·
1367 3521 1554 3589 terminatae
1576 3517 1679 3609 sunt,
1708 3514 1791 3585 nibil
1817 3514 1883 3586 ali·

234 3618 412 3688 tinentibus
447 3638 503 3714 pro
540 3624 637 3688 Curre
671 3622 711 3691 de
747 3623 850 3703 Sala,
888 3618 934 3702 (θ’
972 3623 1006 3692 in
1115 3646 1174 3715 quo
1198 3642 1331 3715 tempore
1356 3625 1470 3692 debent
1496 3611 1627 3700 babere,
1655 3616 1701 3697 &¹
1727 3615 1883 3708 placuerit

234 3736 303 3788 toto
330 3725 426 3787 Curre
453 3725 492 3789 de
518 3722 732 3807 Caslroueteri
760 3722 834 3810 sive
861 3725 895 3796 irt
922 3730 1005 3796 Cur·
1114 3721 1198 3790 dibio
1225 3729 1353 3793 Lucano
1380 3723 1559 3819 Episcopo,
1596 3730 1648 3791 vel
1675 3719 1741 3804 eius
1764 3717 1882 3810 succes·

232 3818 323 3892 tibus
359 3820 490 3892 illarum
527 3829 696 3895 Terrarum
723 3825 771 3905 &⁹
799 3828 978 3913 Caslrorum
995 3876 1006 3909 ‚
1109 3824 1232 3914 scribut
1260 3827 1293 3893 in
1316 3826 1378 3914 sua
1402 3829 1543 3914 portione
1567 3823 1651 3893 diiii
1682 3817 1881 3921 Dongionis

231 3951 270 3995 ex
305 3923 418 4019 quibus
445 3924 686 4010 Casinumuetus
712 3928 915 4018 aedificatum
942 3930 1005 4017 esi,
1115 3924 1262 3994 terminos
1284 3925 1414 4013 secere,
1451 3929 1533 4020 quod
1554 3925 1658 4015 secere
1691 3926 1806 4016 pcffit.
1835 3928 1884 3994 Et

232 4025 386 4094 uidelicet
411 4029 450 4091 de
476 4025 596 4093 Sanbio
632 4027 822 4113 Michae'le,
856 4033 896 4098 de
921 4038 1006 4102 San·
1109 4024 1261 4110 fimiliter
1289 4034 1355 4124 Ugo
1380 4036 1511 4114 Comes,
1538 4049 1633 4121 atque
1643 4081 1736 4101 .....
1759 4026 1880 4110 simili·

230 4121 283 4195 tio
320 4123 497 4203 Donnino,
538 4126 581 4194 Θ
615 4128 654 4196 de
692 4133 790 4200 Cruce
827 4125 924 4220 jussis
959 4132 1007 4211 (φ
1114 4150 1162 4199 ter
1189 4130 1335 4203 Turrim
1366 4129 1478 4206 facere
1510 4131 1664 4231 polssnt:
1704 4151 1807 4201 tamen
1837 4129 1884 4198 E·

232 4229 410 4296 rationibus
447 4222 494 4304 ὅθ’
532 4225 636 4303 ustus
672 4227 821 4314 Lucensis
855 4234 1008 4331 Episcopi
1046 4256 1075 4326 Ε
1115 4230 1278 4330 piscupus
1305 4261 1375 4309 non
1405 4236 1531 4308 habeat
1560 4232 1619 4306 nifi
1655 4257 1758 4303 unum
1787 4231 1887 4300 Tur·

229 4329 273 4398 D
312 4335 460 4401 Lucanae
502 4330 656 4402 Ecclerae
695 4331 922 4428 conservandis
958 4337 1006 4417 ὠ
1112 4335 1209 4417 rim,
1249 4337 1296 4419 sy
1333 4336 1420 4437 Ugo
1447 4334 1578 4409 Comes
1607 4329 1645 4402 ἃ
1673 4327 1888 4404 Conemuu·
1924 4345 1926 4348 ’

227 4430 405 4503 retinendis
432 4454 528 4527 atque
555 4433 764 4524 recipiendis.
803 4442 852 4511 Et
882 4436 1004 4524 simili·
1112 4435 1174 4511 dus
1203 4457 1310 4536 utque
1338 4439 1510 4536 Superbus
1548 4431 1610 4503 nili
1650 4454 1755 4501 unam
1786 4433 1885 4508 Tur·

206 4552 274 4603 ter
301 4561 406 4606 omnes
432 4535 593 4615 homines,
630 4537 687 4632 qui
722 4543 811 4609 moo'b
843 4564 1006 4615 morantur

223 4635 257 4707 iu
286 4637 531 4724 Coslroveteri,
568 4658 627 4708 aut
664 4639 700 4711 iu
728 4665 825 4715 antea
850 4653 1004 4719 moraturi

216 4739 333 4830 sunt,
376 4739 495 4810 debent
530 4737 644 4831 jurare
677 4740 876 4834 fidelitatem
916 4748 1004 4818 dillo

224 4844 400 4913 Gullielmo
439 4842 625 4938 Episcopo,
665 4848 792 4942 ejusque
827 4846 999 4938 succesori-

221 4943 308 5026 bus,
349 4945 406 5038 qui
442 4967 500 5040 pro
538 4968 673 5044 ternpore
709 4953 779 5020 (uc.
815 4945 863 5023 (φ
899 4949 1001 5032 secere

217 5061 327 5132 pacem
353 5048 398 5122 Φ·
421 5074 578 5152 guertpm
615 5071 723 5126 eontra
756 5070 862 5119 rrnres
894 5049 998 5140 perso-

1111 4539 1179 4613 rim
1207 4539 1399 4622 fimiliter,
1424 4537 1520 4608 itaut
1547 4529 1797 4632 cujuscumque
1826 4538 1892 4610 al-‘

1112 4637 1280 4712 titudinis
1316 4635 1449 4723 fuerit,
1486 4634 1630 4727 desuper
1656 4657 1775 4710 tamen
1814 4636 1880 4716 sint

1110 4737 1294 4829 aequales,
1320 4738 1353 4808 8<
1385 4737 1544 4813 mensura
1571 4744 1617 4813 ali
1643 4741 1720 4841 ujus
1747 4771 1816 4816 non
1840 4741 1883 4819 fit

1110 4834 1253 4909 brachia
1290 4841 1549 4943 quadraginta.
1588 4849 1634 4917 Er
1674 4846 1736 4943 qui
1775 4871 1884 4944 oeque

1111 4938 1265 5031 partium
1291 4943 1446 5043 primam
1486 4948 1579 5019 fuam
1610 4951 1756 5023 Turrim
1786 4948 1885 5023 aedi·

1109 5042 1293 5132 ficareris,
1327 5048 1532 5151 priusquam
1568 5049 1884 5147 decembrichio·

1740 5175 1823 5226 sum
