4214 6014
384 368 470 453 77

324 553 446 630 Sansii
473 550 556 642 Iulli
583 551 777 645 Martyris.

376 660 501 731 Sextus
528 653 566 728 in
589 654 733 726 laudato
760 650 886 725 Museo
906 651 995 725 hanc
1019 649 1096 749 epi-

324 756 477 860 graphen
491 755 639 853 praefert
651 782 659 826 :
680 758 988 829 LEONARDVS
1002 754 1096 826 Eri-

116 936 119 947 ,
228 875 232 881 “
315 863 445 956 scopes.
466 862 538 932 Hic
565 856 659 949 ipse,
680 878 717 929 ut
738 858 912 945 arbitror,
940 856 1006 938 est,
1030 853 1094 952 qui

326 964 370 1034 ab
399 960 570 1060 Ughellio
600 961 757 1030 Leonidas
786 976 1026 1058 nuncupatur,
1054 952 1093 1030 &

297 1063 426 1159 -tujus
454 1083 603 1133 aetatem
644 1087 754 1157 neque
781 1062 811 1133 is
849 1062 996 1159 potuit,
1032 1084 1093 1130 ne·

323 1189 393 1262 que
423 1165 553 1260 possum
583 1190 648 1262 ego
676 1164 832 1234 indicare
858 1161 1022 1234 Leslori.
1051 1158 1093 1232 ln

323 1264 452 1364 postica
491 1264 624 1361 effigies
661 1268 693 1334 S.
734 1262 817 1350 Julli
855 1289 933 1336 cum
975 1263 1093 1337 literis

325 1369 531 1440 civitas
561 1369 838 1438 TERGEStum.

380 1468 530 1542 Nummi
549 1469 746 1561 Septimus,
767 1465 947 1548 Osinius,
964 1468 995 1537 tr
1015 1470 1090 1539 No·

326 1595 413 1651 nus.
441 1597 484 1642 ex
512 1569 632 1647 eodem
663 1567 787 1640 Museo
811 1568 1009 1664 depromti,
1038 1567 1089 1639 hi-

327 1669 383 1742 sce
403 1669 517 1743 literis
540 1669 732 1769 confignati
753 1669 867 1742 suere:
900 1672 1091 1741 ARLON·

323 1775 418 1844 GVS
460 1773 663 1862 EPrscopus.
718 1770 758 1841 ltt
800 1768 923 1841 aversis
956 1769 1092 1841 horum

325 1875 566 1948 Nummorum
595 1869 748 1942 faciebus
770 1868 928 1960 symbola
955 1870 1094 1943 diversa

323 1993 535 2059 cernuntur,
564 1997 688 2067 nempe
715 1971 785 2042 duo
812 1975 953 2066 Sceptra
977 1970 1092 2044 Lilia·

325 2092 388 2175 ta;
417 2079 519 2149 Luna
548 2071 586 2146 ἂ
609 2073 740 2146 Stella:
770 2070 910 2142 demum
938 2073 1094 2166 Aquila,

325 2201 406 2248 cum
435 2174 624 2274 epigraphe
664 2176 870 2246 ClVlTAS
909 2177 1090 2246 TERGE·
1116 2220 1119 2239 .
1143 2176 1167 2243 ⁴.

651 325 1090 444 Attttssvtr.
1133 327 1382 417 MEDII
1424 329 1681 421 Aavt·

325 366 437 552 quod²
461 452 501 526 in
539 446 668 547 postica
708 445 859 521 otendit
899 443 1094 547 imaginem
1124 448 1162 524 Δ
1194 446 1379 550 percullia
1406 453 1598 549 Republica
1616 452 1824 543 Florentiae
1850 465 1960 535 Anno

1811 345 1899 459 728
2012 364 2019 369 “

1192 553 1450 626 tricentur
1477 555 1737 646 aemulatione,
1759 586 1798 634 ac
1822 561 1964 636 invidit

1193 654 1345 751 permoti
1378 654 1559 749 Principes
1586 678 1657 729 non
1685 661 1810 752 pauci,
1839 666 1964 738 Flore·

1192 781 1255 826 nos
1267 782 1387 827 aureos
1399 758 1432 827 dt
1446 756 1456 827 i
1463 755 1506 854 pst
1520 756 1643 831 cudere
1653 785 1723 831 non
1740 763 1961 842 dubitarint.

1193 860 1275 949 Qua
1303 857 1344 928 de
1372 884 1408 929 re
1437 857 1539 939 ride,
1580 886 1669 955 quae
1705 863 1803 957 supra
1830 867 1965 958 innui,

1192 957 1275 1029 dum
1297 957 1339 1029 de
1360 960 1529 1031 Nummis
1557 964 1775 1037 florentinis
1802 966 1884 1066 egi;
1906 968 1963 1042 uti

1192 1056 1229 1131 lit
1260 1085 1348 1155 quae
1375 1061 1411 1130 in
1442 1058 1662 1160 subsequenti
1707 1067 1961 1144 Dissertatione
2061 1115 2064 1127 ·

1193 1159 1365 1233 adseram.
1396 1164 1521 1234 Parum
1545 1182 1661 1237 autem
1681 1170 1864 1244 nonnullis
1889 1168 1963 1245 suit

1193 1263 1283 1333 olim
1312 1260 1463 1361 ejusdem
1503 1266 1663 1362 ponderis
1704 1272 1878 1343 Nummos
1907 1269 1962 1344 sa·

1128 1360 1156 1431 B
1194 1363 1349 1453 bricare,
1375 1366 1503 1461 quibus
1529 1369 1663 1438 Florens'
1688 1396 1816 1443 nomen
1845 1398 1963 1466 mpo-

1194 1462 1313 1537 suere:
1353 1468 1493 1561 quoda
1527 1470 1644 1542 Gallis
1681 1469 1835 1545 fastum.
1873 1478 1961 1548 Non

1193 1563 1359 1653 defuere,
1399 1567 1460 1663 qui
1489 1567 1639 1665 eilypon
1669 1571 1779 1666 ipsum
1810 1573 1960 1650 florenti

1192 1666 1394 1738 Florentini
1417 1666 1483 1739 suis
1505 1668 1660 1742 indidere
1684 1676 1851 1746 Nummis
1866 1735 1873 1755 ,
1891 1675 1962 1749 hoe

1191 1766 1235 1839 esl
1267 1768 1427 1855 Litium,
1453 1772 1488 1841 dt
1516 1763 1669 1868 effigiem
1697 1774 1865 1861 Johaonis
1890 1778 1960 1850 Ba·
1987 1757 1993 1769 .

1193 1869 1335 1967 ptislae,
1365 1891 1502 1943 mutato
1523 1874 1659 1944 tanzlem
1685 1876 1828 1947 nomine
1856 1876 1960 1950 Priu-

1190 1968 1308 2059 cipis‚
1347 1991 1407 2042 aut
1448 1971 1540 2044 loci.
1583 1977 1731 2060 Joannes
1776 1977 1958 2052 villaniur

1191 2073 1273 2143 Lib.
1295 2096 1329 2167 9.
1354 2070 1482 2144 Histoe.
1507 2073 1596 2172 Cap.
1624 2083 1704 2172 169.
1729 2078 1887 2175 queritur
1915 2078 1962 2152 de

1189 2173 1322 2261 Joanne
1375 2177 1489 2247 llel.
1534 2182 1696 2249 Romano
1755 2177 1960 2264 Pontifice,

323 2279 485 2350 STVM.
531 2279 708 2374 Arlongus
736 2272 788 2368 (li
828 2286 913 2347 bene
940 2277 1094 2349 calculos
1124 2262 1159 2339 C
1190 2275 1282 2367 quod
1311 2273 1484 2370 ejusmodi
1514 2279 1680 2350 Florenos
1710 2279 1845 2353 ruderit
1876 2275 1958 2354 An-

322 2375 411 2453 inii-t
452 2376 671 2474 Ughellius)
710 2375 777 2447 suit
814 2374 947 2448 elesius
987 2380 1094 2448 Anno

324 2477 456 2553 Christi
486 2481 697 2552 Mchtv.
725 2474 763 2549 δι
804 2474 1023 2574 subsequenti
1052 2480 1094 2550 ab

324 2580 534 2654 Alexandro
592 2581 683 2675 Papa
733 2577 908 2674 dejesius.
960 2583 1093 2652 Verbm

326 2680 478 2757 Nummi
499 2679 553 2752 isli
576 2679 670 2752 inter
694 2678 865 2761 severii,
893 2679 1094 2752 diuturnio-

324 2781 374 2897 ris
403 2781 588 2882 regiminis
608 2778 731 2879 juliam
751 2778 984 2880 suspicionem
1008 2782 1092 2881 inji-

325 2901 451 2958 erunt.

512 3089 915 3162 TREVERI.

432 3287 623 3361 Dservatur
660 3285 864 3358 Placentiae
900 3285 937 3359 in
968 3284 1093 3358 Museo

456 3387 678 3487 Chiappinio
723 3391 899 3459 Nummus
940 3414 1094 3474 aureus,

325 3493 366 3567 in
411 3493 508 3587 cujus
554 3490 669 3561 antica
708 3489 844 3561 Lilium
896 3514 973 3559 cum
1019 3487 1094 3576 epi·

327 3592 457 3693 graphe
485 3595 627 3665 CONO
649 3592 812 3661 AREPS.
840 3592 886 3662 T.
909 3587 992 3661 idest
1011 3595 1097 3660 Ceno

327 3695 451 3791 (idem
481 3693 525 3764 ell
552 3714 657 3790 atque
683 3689 880 3788 conradus)
921 3690 1094 3779 Arsbiepi·

317 3798 429 3891 frenus
455 3792 675 3876 Trenerenlis.
714 3792 756 3867 ln
795 3792 923 3889 pollina
960 3789 1095 3891 efligies

324 3895 497 3988 Johannis
528 3892 788 3973 praecursoris.
831 3896 864 3964 δι
904 3892 1096 3990 lnstriptio

325 4003 359 4072 S.
390 4001 653 4072 lOHANNEs
680 3997 851 4087 Baptista.
881 3995 913 4066 ls
940 3995 985 4065 eh
1010 4003 1120 4070 Cano¹

322 4097 431 4197 (eum
452 4108 611 4169 Cunnnrm
632 4096 787 4191 appellat
808 4095 993 4167 Browerus
1010 4097 1094 4170 Lib.
1117 4140 1120 4149 ·

327 4206 385 4276 16.
437 4199 633 4274 Annalium
687 4195 981 4289 Trevirensrum)
1030 4196 1094 4293 qui

324 4306 436 4379 Anno
476 4299 606 4375 Chrilli
651 4301 914 4374 lvlCCCLlsll.
958 4295 1094 4372 Cathe-

323 4405 423 4478 dram
442 4405 692 4478 Tre-·erenlem
716 4400 905 4499 implevit.
928 4399 984 4472 vir
1001 4402 1093 4474 mul-

322 4506 371 4580 tis
400 4528 474 4578 turn
504 4509 615 4589 bene,
643 4523 718 4575 tum
750 4502 841 4574 male
868 4502 968 4574 rebus
991 4500 1092 4600 gellis

322 4606 596 4683 celeberrimus.
626 4602 990 4677 Animadvertendum
1029 4629 1092 4675 au·

320 4725 394 4783 tem
422 4707 493 4792 est,
540 4710 735 4779 Nummum
765 4707 857 4778 hunc
898 4706 1089 4777 Florenunr

321 4810 414 4894 esse,
456 4811 496 4881 ad
527 4808 812 4880 florentinorum
845 4806 1086 4879 imitationem

324 4909 463 4982 susum.
508 4913 627 4983 Tanto
667 4910 762 4981 enim
809 4907 846 4981 itt
887 4907 1018 4980 bonore
1054 4909 1089 4977 δε

324 5008 426 5088 eursu
465 5011 559 5088 suere
605 5011 748 5087 floreni
793 5008 889 5086 aurei
934 5008 1090 5110 primltnt

1189 2401 1235 2447 no
1263 2372 1395 2448 Christi
1424 2380 1687 2450 Mtjscxxtt.
1715 2385 1834 2474 Quum
1869 2387 1954 2458 verb

1189 2475 1282 2549 idem
1313 2475 1423 2549 lacere
1444 2477 1587 2576 aggressi
1608 2479 1747 2553 suissenr
1768 2483 1954 2558 Marcbio·

1190 2604 1248 2648 nes
1278 2576 1570 2661 montisferrati,
1598 2583 1762 2655 Soinulne
1789 2589 1957 2658 Genuen·

1190 2678 1260 2755 ses,
1298 2681 1430 2774 aliique
1460 2683 1585 2754 ltaliae
1615 2687 1821 2778 Principes,
1859 2685 1957 2760 idem

1191 2777 1357 2853 Pontifex
1388 2778 1559 2876 propositi
1587 2783 1820 2859 anathematis
1845 2787 1958 2884 poeni

1189 2878 1326 2953 eosdem
1370 2883 1412 2951 ab
1450 2882 1593 2969 intepto
1633 2887 1804 2961 deterruit
1844 2895 1957 2963 Anno

1190 2986 1471 3057 Mcccxxiv.
1499 2987 1604 3078 Quod
1636 2985 1718 3060 baec
1751 2990 1956 3086 ignorarit.

1165 3104 1230 3175 ¹ut
1258 3084 1355 3179 supra
1386 3087 1529 3164 monui,
1567 3091 1703 3161 Samuel
1751 3090 1958 3164 Guieheno·

1189 3185 1266 3253 nius
1296 3185 1332 3251 in
1363 3184 1518 3254 Historia
1546 3189 1782 3287 Genealogica
1822 3192 1956 3288 Regiae

1189 3280 1425 3353 Sabaudienlis
1447 3285 1639 3367 Familiae,
1667 3287 1843 3384 proferens
1870 3295 1959 3366 Flo·

1188 3408 1311 3453 renum
1353 3408 1494 3453 aureum
1533 3411 1552 3454 a
1589 3410 1645 3456 me
1681 3405 1782 3462 antea
1823 3394 1958 3487 produ·

1190 3482 1310 3569 bium,
1347 3482 1483 3555 scilicet
1522 3486 1565 3556 ab
1607 3490 1767 3562 Amedeo
1804 3495 1849 3564 V.
1876 3493 1956 3567 Co-

1191 3585 1279 3657 mite
1315 3584 1506 3657 Sabaudiae
1553 3612 1680 3684 paucos
1721 3610 1801 3664 ante
1846 3621 1957 3669 annos

1192 3686 1384 3786 perculsum
1413 3713 1492 3760 cum
1520 3705 1607 3784 typo
1635 3693 1777 3767 Floreni
1806 3698 1956 3768 Floren-

1192 3786 1284 3871 tini,
1335 3789 1369 3859 dt
1416 3788 1605 3888 epigraphe
1649 3796 1740 3866 AM.
1789 3799 1958 3872 COMEs

1192 3888 1469 3976 SABAVDlE‚
1510 3890 1594 3964 haec
1632 3919 1809 3992 perperam
1837 3897 1958 3973 subdi-

1192 3990 1272 4062 dit:
1302 3996 1352 4060 La
1376 3989 1525 4079 premiere
1545 3993 1628 4083 sorte
1654 3999 1693 4064 de
1731 4002 1890 4093 Monnnye
1915 4006 1958 4071 de

1192 4118 1222 4162 re
1248 4092 1360 4161 Prinne
1385 4089 1485 4179 άόν,
1520 4096 1565 4164 du
1598 4097 1686 4187 poids
1714 4101 1753 4167 de
1779 4102 1813 4172 la
1839 4103 1958 4187 Pillnle

1190 4190 1225 4264 λ’
1236 4192 1331 4264 italie
1340 4234 1358 4273 ,π
1387 4221 1425 4263 nu
1462 4195 1496 4266 la
1528 4197 1629 4267 Fleur
1656 4203 1695 4271 de
1719 4208 1786 4298 Lys
1810 4206 1849 4272 de
1877 4205 1958 4274 fta-

1192 4320 1298 4384 rence‚
1321 4293 1389 4383 fait
1414 4297 1508 4366 croire
1533 4296 1586 4393 qu‘
1600 4300 1661 4370 elle
1685 4327 1743 4393 ayt
1777 4304 1838 4388 rste
1861 4304 1957 4395 frap-

1190 4399 1248 4493 pde
1283 4423 1321 4466 en
1358 4397 1497 4467 memire
1530 4402 1570 4469 de
1607 4405 1737 4497 quelque
1761 4404 1959 4489 consederan-

1193 4498 1261 4567 tr'tm
1300 4525 1377 4568 avec
1410 4500 1445 4570 la
1480 4505 1678 4595 Repuhquue
1714 4504 1754 4571 de
1784 4507 1956 4584 Florence.

1193 4597 1317 4694 ltaque
1345 4618 1461 4694 patere
1489 4601 1554 4690 jam
1585 4599 1714 4695 potest,
1741 4628 1803 4676 eur
1821 4606 1854 4676 δ(
1875 4605 1959 4681 Co.

1192 4724 1266 4785 no,
1303 4697 1371 4770 sive
1407 4696 1592 4773 Conradus
1628 4704 1851 4801 Treverenfis
1882 4714 1958 4783 At·-

1192 4799 1431 4893 ehiepit'enpus
1473 4798 1617 4892 cispitet
1648 4807 1789 4878 Annum
1819 4805 1958 4888 Christi

1192 4904 1472 4975 lllCCCLllVl.
1500 4901 1645 4978 similem
1678 4909 1865 4982 Florenum
1887 4939 1953 4986 au—

1190 5029 1289 5078 reum
1315 5003 1354 5080 in
1380 5003 1441 5081 sua
1466 5003 1604 5081 ditione
1629 5010 1850 5111 procuderit.

1707 5111 1899 5195 wAl·
