4214 6014
57 475 59 478 t
189 337 363 450 ψη
543 331 1534 452 ΑΝΥιρυιΜΕυιιΑενι
1710 360 1798 458 716

271 553 545 626 ARAGONIA
581 551 620 630 dt
658 558 934 630 NAVARRA.
988 622 991 626 .

271 759 307 831 Ν
352 754 478 831 Museo
524 754 748 858 Chiappinio
801 778 984 859 argenteus

296 861 473 933 Nummus
492 859 624 942 exstat,
652 882 758 959 caput
779 865 985 960 Regiorum

220 957 458 1059 Inscriptio-e
482 961 672 1038 exhibens:
704 967 983 1037 FERDINAN·

222 1064 320 1134 Dvs
346 1114 544 1138 ......
578 1061 621 1136 ln
649 1065 766 1139 averse
794 1085 891 1164 parte
918 1067 985 1138 CI-

223 1165 377 1236 vitris
404 1166 772 1241 BARCHINONA.

270 1266 437 1340 Alterum
451 1270 648 1341 Nummum
665 1286 866 1380 argenteum
880 1265 988 1355 ,Mu-

1020 468 1056 542 A
1092 486 1190 532 rum.
1219 459 1261 534 ln
1288 460 1404 534 aversa
1431 481 1528 561 parte
1555 456 1757 562 prospeiius
1785 466 1856 537 Ur-

1094 560 1147 633 bis
1174 560 1345 651 turritae,
1372 562 1429 634 cui
1456 564 1522 636 alii
1548 564 1696 638 extensis
1718 564 1868 663 Aquilo*

1087 681 1260 755 ¹coronata
1299 661 1561 760 supereminet.
1604 667 1760 739 Additur
1797 665 1860 740 lii-

1094 762 1259 859 sc'riptio:
1299 768 1506 839 CIVITAS
1550 768 1680 839 CIIII.
1724 771 1857 839 Rarum

1094 864 1252 959 profesio
1278 864 1346 954 eli,
1373 867 1410 937 in
1439 865 1594 940 Insulam
1622 865 1738 941 Chios
1759 866 1859 941 fuine

1095 967 1147 1062 jus
1192 968 1336 1064 aliquod
1385 975 1624 1042 Romanorum
1683 967 1857 1057 Regibus,

1096 1067 1164 1140 sive
1192 1067 1378 1166 Augustis.
1416 1070 1612 1143 Perculsum
1650 1076 1734 1143 vero
1759 1069 1859 1144 fuisse

1096 1169 1188 1243 hunc
1217 1173 1414 1242 Nummum
1443 1162 1531 1242 mihi
1561 1169 1746 1267 persuadeo
1781 1177 1861 1243 Aa·

1096 1296 1143 1343 no
1169 1271 1302 1344 Christi
1332 1273 1563 1345 MCIILVII.
1589 1295 1661 1369 quo
1685 1271 1858 1346 nimirum
1916 1335 1952 1344 .-

221 1362 320 1440 tiriae
347 1365 516 1442 adservat
553 1394 662 1468 nepos
704 1395 800 1444 meus
820 1374 988 1460 loannes
1029 1393 1061 1466 Β
1096 1390 1254 1471 tempore
1280 1370 1467 1446 Corradus
1495 1371 1566 1463 ll.,
1603 1370 1665 1446 seu¹
1697 1371 1763 1447 Ill.
1788 1377 1862 1444 Ro·

223 1465 428 1544 Frineiscut
454 1468 498 1543 de
525 1472 640 1563 Solis,
682 1468 722 1547 ἂ
762 1499 807 1547 ex
842 1491 988 1570 argento

222 1594 265 1641 ac
309 1596 387 1644 eere
432 1568 626 1648 conflatum
669 1570 820 1675 poffidet
862 1573 899 1647 in
927 1569 987 1645 suo

221 1669 351 1746 Museo
395 1674 696 1751 Bertacehinius.
741 1673 913 1749 Cernitur
948 1674 986 1746 in

222 1771 452 1950 ejusdappicl
486 1775 891 1952 igsggpigAegnggteris
918 1774 986 1848 eir·

223 1898 351 1947 eumu
392 1898 453 1950 is:
828 1929 987 1952 .....

187 2067 192 2076 ⁸
222 1977 368 2049 AVAR
395 2028 552 2053 .....
579 1978 663 2052 idest
699 1989 771 2053 Rex
797 1985 987 2051 Navarrae.

136 2152 138 2157 ,
221 2074 266 2150 In
296 2075 425 2172 postici
451 2082 602 2155 alterum
628 2080 762 2183 insigne
798 2108 876 2154 euni
907 2081 986 2152 lite·

222 2176 272 2252 ris
296 2177 453 2254 attritis.
481 2183 588 2256 Hunc
609 2184 651 2258 ad
673 2184 931 2258 Ferdinandum
946 2185 990 2253 V.

1097 1500 1277 1547 manorum
1309 1478 1384 1546 Rex
1424 1473 1590 1573 copioso,
1626 1473 1683 1547 sed
1719 1469 1862 1550 inselici

1096 1578 1253 1653 exercitu
1280 1573 1544 1668 expeditionem
1576 1575 1707 1648 sacram
1742 1574 1864 1648 ino-

1097 1680 1245 1750 rientem
1275 1675 1443 1774 suscepit,
1479 1675 1522 1747 de
1557 1703 1626 1774 qua
1661 1681 1754 1748 Otto
1781 1675 1864 1749 Fri-

1097 1777 1277 1878 fingenfis,
1314 1778 1447 1874 aliique
1482 1778 1556 1871 ejus
1593 1776 1762 1871 temporis
1792 1775 1864 1852 Hi·

1097 1880 1215 1954 llorici
1256 1877 1437 1975 scripsere.
1483 1880 1590 1951 Tune
1634 1897 1696 1951 aut
1743 1890 1864 1976 erepte

1096 1984 1241 2056 Graecis
1267 1981 1312 2053 esi
1338 1978 1477 2070 Chios,
1504 2001 1565 2053 aut
1591 1981 1743 2077 Populus
1765 1977 1862 2074 ipse,

1097 2084 1209 2179 quieti
1248 2109 1287 2155 ac
1326 2080 1504 2156 securitati
1540 2083 1706 2178 'propriae
1737 2079 1862 2179 consu·⁸
1971 2139 1973 2144 .

1097 2190 1194 2271 lens,
1222 2184 1343 2278 sponte
1371 2182 1403 2257 se
1429 2181 1527 2256 dedit
1546 2181 1737 2262 Conrado,
1756 2190 1863 2270 atque

226 2277 460 2356 Catholieum
489 2284 691 2383 Aragoniae
722 2291 851 2385 Regem
882 2283 986 2382 perti·
1029 2302 1063 2375 C
1097 2287 1135 2359 in
1158 2288 1208 2360 rei
1237 2286 1445 2360 memoriam
1472 2284 1644 2386 percussus
1670 2282 1716 2360 eli
1744 2287 1867 2360 Num·

225 2405 309 2453 nere
334 2385 485 2479 opinor.
527 2384 755 2461 Fortassis&
786 2386 990 2485 praecedens

110 2527 114 2533 ·
226 2484 406 2559 Nummus
433 2486 476 2560 ad
501 2486 616 2587 ipsum
644 2487 798 2586 spcIiat.

373 2665 849 2766 ΒΟὲΜΙΑ.

274 2894 413 2964 Oannes
432 2892 597 2968 Bremiae
619 2898 692 2968 Rex
711 2893 871 2977 Primus,
891 2896 989 2965 Hen-

299 2994 363 3065 riei
393 2998 476 3068 VII.
504 2996 651 3088 Augusti
680 2994 798 3082 filius,
839 2992 877 3069 ἃ
914 2990 988 3067 Ca·

231 3096 302 3167 roli
342 3098 404 3168 iv.
433 3098 577 3198 Augulli
610 3118 728 3189 pater,
771 3124 839 3169 non
877 3096 993 3167 minus

229 3194 269 3268 in
297 3200 509 3271 Germanici
534 3197 571 3271 dt
600 3201 761 3279 Gallici„
789 3201 893 3294 quim
923 3200 988 3266 Ita·

1098 2413 1194 2461 mut.

1212 2594 1802 2667 CLARENTin.·

1175 2794 1366 2868 Larentiae
1401 2793 1439 2866 in
1475 2793 1602 2869 Museo
1638 2791 1865 2894 Chiappinio

1199 2896 1327 2990 duplex
1371 2901 1548 2970 Nummus
1584 2897 1626 2969 ad
1667 2897 1867 2969 Cluentium

1103 2996 1257 3093 ipesians
1285 2995 1502 3071 adservatur.
1532 2997 1572 3071 ln
1603 2998 1718 3096 primo
1743 3022 1868 3094 argen-

1102 3120 1158 3168 teo
1185 3098 1373 3170 exhibetur
1398 3101 1516 3173 eadem
1547 3096 1677 3185 figura,
1709 3123 1796 3196 quae
1825 3095 1868 3168 in·

1102 3200 1268 3271 Numinis
1296 3198 1476 3271 Ludoviei
1504 3198 1619 3270 Sandi·
1650 3203 1867 3269 Francorum

230 3296 301 3370 lici
329 3297 484 3373 Historia
511 3326 677 3395 perquam
705 3293 852 3373 eelebris
886 3296 995 3373 evasit
1033 3328 1068 3397 D
1104 3301 1230 3399 Regis,
1268 3302 1489 3394 aliorumque
1533 3300 1607 3390 ejus
1636 3299 1867 3372 lueeellorum

229 3400 356 3472 Seculo
393 3397 528 3475 Chr'illi
573 3405 722 3475 Decimo
748 3422 895 3500 quarto.
937 3397 995 3472 nd

230 3526 311 3574 euin
364 3503 518 3599 pertinet
570 3509 744 3579 Nummus
790 3523 995 3604 argenteus,

230 3603 416 3676 Bononiae
453 3605 651 3679 adservatur
678 3635 697 3678 a
725 3606 1001 3684 oraeclar-ffimo·
1035 3638 1037 3642 ⁴

75 3760 78 3767 .
228 3703 446 3776 Mirchione
480 3709 613 3795 Joanne
662 3711 772 3779 Paulo
812 3719 854 3782 ele
886 3710 992 3800 Pepu·

232 3804 300 3878 lis.
331 3802 369 3876 ln
397 3808 515 3881 antica
543 3806 859 3896 visiturCorona,
894 3810 929 3879 dt
961 3807 996 3877 in

234 3902 370 3979 circulo
400 3906 527 3983 minori
558 3909 641 3983 haec
677 3911 885 4010 epigraphe:
928 3911 993 3980 10·

229 4008 459 4081 HANNES:
501 4014 708 4109 Pitiiiivs3
748 4016 784 4081 iii
828 4006 997 4104 superiori

231 4114 318 4179 vero
346 4109 429 4179 haee
457 4112 587 4182 altera:
629 4114 738 4183 DEI:
767 4114 994 4184 GRATIA:

233 4211 352 4284 REII:
394 4211 604 4284 BOEMIE.
658 4212 696 4287 In
737 4212 864 4308 pollici
893 4217 998 4302 Leo,
1036 4235 1067 4308 Ε

232 4310 472 4387 comittens:
496 4318 784 4390 PRAGENsls:
811 4316 998 4391 oriosii.

291 4477 912 4609 ‹eutoniusuin

318 4726 357 4797 St
375 4722 466 4798 milii
485 4743 667 4826 argenteus
689 4730 888 4808 Nummus,
907 4724 999 4799 mul·

344 4847 422 4920 tae,
451 4830 489 4902 ni
517 4830 606 4902 mihi
648 4829 834 4914 blandior,
875 4832 994 4899 rarita·
1028 4884 1031 4891 .

237 4923 311 4995 tis.
341 4929 378 5000 In
406 4959 484 5006 area
510 4929 609 5005 Crux
639 4957 717 5004 euni
746 4928 935 5026 epigraphe
960 4928 1000 5000 in

239 5025 356 5107 Ilmbo
382 5037 657 5158 §ONRAuvt
692 5035 792 5108 REX
822 5036 1001 5154 Romano·

1105 3420 1267 3499 apparet.
1306 3403 1370 3472 Per
1406 3425 1481 3473 eain
1510 3397 1694 3499 significari
1724 3423 1870 3493 compe·

1102 3506 1186 3575 dum
1215 3501 1388 3585 sormam,
1415 3502 1543 3596 quibus
1570 3504 1607 3572 iri
1639 3500 1758 3572 Africa
1783 3502 1871 3572 San·

1103 3605 1180 3678 dius
1228 3605 1302 3677 toi
1341 3601 1545 3676 eonslrisiut
1583 3600 1674 3690 fuit,
1718 3607 1869 3692 Ioannes

1105 3704 1287 3779 Villanius
1323 3703 1504 3779 hillorieus
1542 3704 1767 3777 Florentinus
1795 3727 1870 3776 me·

1106 3808 1238 3879 moriae
1260 3806 1436 3903 prodidit.
1470 3807 1546 3876 Alii
1576 3805 1869 3905 ichnographiam

1104 3906 1219 3982 castri
1260 3904 1403 3978 Turriti
1440 3907 1518 3978 illic
1546 3907 1700 4004 exprimi
1730 3905 1870 3980 censue.

1105 4028 1206 4083 runt.
1249 4012 1335 4079 Rem
1373 4008 1409 4078 in
1449 4007 1567 4078 medio
1608 4008 1755 4103 reliquit
1798 4008 1870 4080 Le·

1107 4114 1256 4184 Blaotiis
1284 4109 1320 4180 in
1349 4108 1520 4182 Trailatu
1549 4107 1728 4183 HIlloriro
1753 4114 1870 4182 Num-

1107 4238 1242 4285 morum
1289 4211 1558 4287 Franeicorum.
1603 4210 1869 4285 Atsecundam

1105 4315 1313 4412 opinionem
1330 4313 1478 4386 minime
1493 4311 1768 4409 ampleslendam
1789 4335 1870 4402 pro·

1105 4417 1212 4507 dent,
1253 4440 1341 4513 quae
1388 4413 1480 4488 infra
1526 4414 1730 4511 lubjitiam.
1771 4408 1869 4484 Illud

1106 4518 1325 4618 perspicuum
1352 4516 1422 4598 esi,
1448 4512 1668 4591 Turonenses
1690 4516 1870 4587 Nummos

1104 4639 1189 4693 tune
1224 4619 1340 4692 eidem
1379 4617 1488 4712 siguis
1522 4613 1709 4716 insignitos
1745 4613 1867 4696 luisse,

1090 4723 1251 4822 eamque
1286 4722 1344 4792 diu
1385 4713 1587 4791 retinuid'e.
1630 4721 1667 4790 lii
1709 4721 1870 4789 Nummo

1107 4826 1224 4898 nollro
1250 4813 1508 4897 cirrumdudia.
1533 4819 1663 4918 legitur
1699 4820 1782 4892 haec
1809 4817 1871 4890 In·

1091 4927 1275 5018 scriptioi
1304 4928 1398 4998 »DE
1423 4919 1773 5000 '‘cLeReNTiA.
1826 4922 1869 4993 ln

1109 5030 1243 5132 polllta‘
1264 5029 1423 5106 demitur
1446 5023 1576 5111 Crui'ii
1603 5027 1736 5107 cirrum
1754 5043 1872 5195 lquiam

1779 5147 1818 5196 ae
