4214 6014
292 374 374 458 ης
558 339 1553 465 aaaroormraorrarvr
1733 350 1819 434 ,ιε

226 459 509 536 Commentariis
536 463 651 539 MStis
682 464 725 538 ad
754 463 993 540 Comoediam
1028 464 1063 537 A
1107 462 1229 538 ficatio
1249 463 1369 534 Turris
1394 463 1635 550 monetarum,
1663 458 1775 534 adbuc
1803 463 1875 533 Bo·

225 557 380 649 Daritis,
426 564 533 639 editis
564 565 606 638 ‘in
654 566 722 641 hoc
749 566 825 666 ipso
851 573 993 666 Opere.

226 659 411 761 Ejusmodi
438 669 571 741 Turres
598 667 700 760 casu,
729 696 768 743 ac
795 669 990 744 deficienti·

227 760 292 837 bus
328 764 598 868 fundamentis,
639 771 677 843 in
717 773 809 846 latus
841 772 913 845 inte
941 800 994 846 ras

224 800 992 968 declinasseopinatusellClariss.Montiau-

226 970 351 1044 conius
372 972 408 1044 in
433 974 557 1047 Diario
578 976 730 1077 ltalic03
753 975 807 1050 sed
823 979 862 1050 ei
879 974 993 1075 reapse

226 1073 463 1148 architebiurd
489 1075 653 1151 fundatae
681 1080 724 1150 ab
745 1079 826 1174 aliis
846 1079 993 1152 eredun-

225 1187 306 1256 tur,
343 1195 382 1250 ut
418 1204 437 1249 a
473 1177 637 1253 consuetd
671 1200 863 1254 ceterarum
899 1185 992 1255 Tur·

225 1275 320 1349 rium
363 1277 476 1350 sormi
517 1282 741 1357 recederent.
782 1283 907 1381 ltaque
935 1285 992 1356 vel

1107 566 1236 640 neniae
1283 563 1464 661 superstes,
1506 590 1610 661 quam
1640 588 1767 657 nempe
1794 559 1877 633 Asi·

1108 671 1202 741 nella
1231 671 1380 739 Familia
1410 666 1596 739 condidit.
1638 664 1697 737 Ad
1727 669 1876 738 Annum

1110 777 1193 844 verb
1232 773 1387 843 mcxx.
1425 769 1478 840 ibi
1517 765 1648 859 pariter
1681 768 1780 866 lego:
1823 770 1880 836 Fra

1108 875 1241 969 compita
1269 878 1302 942 r'n
1330 874 1475 962 Bosogrra
1508 870 1544 939 sa
1578 875 1674 939 Torre
1698 867 1748 938 de'
1768 876 1877 939 Ram·

1108 979 1215 1072 porri.
1242 976 1295 1044 cbo
1321 976 1339 1043 ὸ
1365 975 1417 1043 nes
1444 977 1586 1042 Mercaro
1612 971 1648 1039 di
1674 996 1806 1059 marro.
1843 971 1880 1040 Ε

1111 1079 1146 1148 irr
1173 1079 1244 1172 quel
1270 1099 1368 1172 tempo
1394 1076 1504 1164 surano
1530 1073 1714 1154 fimilmenre
1749 1071 1882 1160 compito

1110 1181 1219 1250 ascune
1245 1181 1326 1250 altre
1352 1179 1447 1249 Torri
1473 1176 1558 1247 nella
1585 1177 1679 1245 Cittd
1712 1179 1748 1243 di
1781 1172 1880 1241 Bolo-

1106 1308 1196 1375 gna.
1227 1287 1322 1352 Ante
1348 1279 1467 1351 eadem
1496 1296 1679 1374 tempora,
1707 1277 1741 1345 ἃ
1771 1275 1878 1370 paulo

224 1373 266 1450 in
293 1376 366 1477 ipsa
396 1382 491 1455 Urbe
518 1403 657 1457 aeterna
695 1385 731 1458 id
763 1413 870 1487 genus
898 1389 991 1458 Tur·
1033 1377 1060 1446 Β
1110 1380 1204 1480 post.
1231 1380 1323 1453 idern
1352 1378 1593 1479 excogitatum
1625 1374 1877 1475 perablumque

225 1501 306 1559 res,
335 1497 376 1553 ut
401 1481 453 1554 ita
480 1483 621 1579 dicam,
659 1487 805 1561 bellicas
832 1490 992 1585 complu·

225 1602 280 1653 res
329 1581 458 1657 intueri
502 1587 592 1661 olim
635 1588 792 1663 licebat.
835 1592 874 1659 ln
922 1613 992 1660 uno

225 1679 379 1778 ejusdem
426 1684 604 1762 Civitatis
660 1691 808 1780 Burgo‚
854 1689 992 1763 sedente

152 1858 154 1862 ,
226 1778 393 1857 Martino
421 1792 465 1858 V.
498 1791 611 1887 Papa,
653 1789 858 1863 eminebant
897 1794 985 1864 Tur·

224 1911 280 1959 res
308 1887 538 1988 quadraginta
583 1909 735 1988 quatuor
770 1919 850 1965 cum
879 1899 992 1965 Meru-

224 1986 305 2069 liir,
325 1989 394 2062 live
422 1990 529 2065 minis
556 1993 871 2090 quatuormillibus
905 2021 991 2093 qua·

225 2086 423 2189 dringentis
461 2092 692 2192 quadraginta
731 2115 909 2195 quatuor,
938 2097 991 2171 uti

224 2189 330 2264 docet
357 2195 546 2287 Turrigius
588 2196 625 2268 in
655 2197 756 2272 Libr.
785 2199 827 2272 de
865 2202 992 2297 Crypt.

224 2293 393 2370 Vatican.
430 2299 521 2370 Part.
552 2322 584 2372 2.
626 2327 702 2399 pag.
735 2326 822 2397 407.
864 2302 993 2372 Turrim
1031 2318 1062 2388 C

223 2397 397 2482 Crescearii
423 2398 474 2470 ibi
503 2397 721 2474 aedificatam
751 2429 823 2474 non
851 2426 989 2474 moror:

227 2494 312 2567 baec
352 2497 448 2569 enim
486 2500 627 2596 publiea
653 2530 706 2576 res
733 2502 828 2585 suit,
868 2530 992 2602 nempe

225 2597 380 2673 Adriani
419 2604 557 2684 Moles,
599 2630 691 2678 nune
731 2606 868 2691 Castalio
896 2602 991 2677 Sanr’

225 2702 382 2794 Angeia,
421 2730 524 2797 quam
562 2724 770 2799 occupatam
808 2732 846 2775 ac
876 2705 991 2776 muni-

225 2815 301 2870 tam
330 2826 348 2870 a
375 2797 606 2883 Crescentio,
636 2807 791 2893 Populus
818 2805 907 2875 novd
932 2831 992 2892 ap-

229 2898 423 2997 pellatione
459 2901 631 2977 donavit.
675 2908 761 2977 Erat
797 2903 848 2978 ibi
877 2905 891 3004 (
911 2904 993 2978 telle

230 3003 430 3075 Romualdo
466 2998 709 3096 salernitano,
746 3011 869 3082 ‘somn
910 3012 992 3081 Vll.

227 3106 308 3176 Rer.
332 3104 445 3177 ltalic.
472 3134 546 3205 pag.
574 3110 692 3205 208.)
733 3117 849 3180 Turres
890 3112 987 3180 Cbar-

1110 1501 1197 1582 puto
1224 1508 1243 1554 a
1271 1480 1443 1579 plerisque
1479 1478 1694 1576 reliquarum
1727 1474 1878 1552 Civita-

1109 1604 1209 1669 tum‚
1237 1580 1275 1657 ἂ
1304 1585 1487 1682 praecipue
1516 1580 1737 1654 Florentiae.
1773 1575 1878 1654 Teste

1110 1688 1205 1761 enirn
1236 1688 1437 1759 Ricordaoo
1475 1683 1673 1759 Malasoini
1713 1682 1754 1754 ad
1800 1686 1880 1754 An·

1110 1815 1193 1862 num
1223 1793 1399 1863 MCLlV.
1442 1784 1534 1886 Cap.
1574 1790 1631 1860 80.
1671 1787 1801 1858 Hillor.
1841 1783 1881 1855 di

1109 1893 1208 1987 quelle
1235 1893 1329 1963 Torri
1355 1917 1448 1963 erano
1484 1897 1609 1984 grande
1636 1915 1761 1956 numero
1792 1886 1881 1957 nella

1109 1995 1201 2065 Cirrd
1216 2044 1226 2075 ‚
1263 1995 1329 2065 alre
1353 1994 1444 2089 quali
1470 2013 1575 2081 cento,
1618 2017 1635 2058 e
1673 1989 1763 2080 quali
1787 2011 1881 2057 cento

1108 2096 1201 2166 orari
1226 2097 1367 2169 bractia.
1411 2101 1442 2167 E
1468 2094 1547 2164 torri
1580 2095 1593 2161 r'
1629 2090 1762 2163 Nobrli.
1798 2115 1815 2156 0
1841 2092 1880 2161 l'a

1109 2199 1253 2292 maggior
1291 2221 1380 2289 parrr
1419 2222 1543 2268 averno
1583 2195 1617 2264 irr
1644 2195 1746 2288 quello
1774 2211 1876 2285 tempo

1108 2298 1220 2371 Torri.
1256 2299 1526 2372 Munitiooibus
1563 2315 1680 2368 autem
1711 2293 1782 2366 illis
1811 2318 1877 2391 po-

1108 2399 1278 2473 tissimum
1309 2399 1354 2472 usr
1383 2398 1463 2472 sunt
1502 2395 1641 2486 Cives,
1683 2421 1790 2493 quum
1839 2394 1880 2466 in

1108 2528 1227 2576 eorum
1258 2500 1448 2575 visceribus
1477 2500 1662 2580 grassantes
1697 2495 1875 2594 pestiferae

1107 2603 1350 2692 Guelphorum
1378 2602 1418 2676 ἃ
1445 2604 1709 2674 Gibellinorum
1747 2597 1876 2668 tatro-

1108 2729 1166 2774 nes
1195 2703 1390 2775 innumeris
1418 2703 1529 2774 turbis
1558 2727 1596 2773 ac
1617 2699 1781 2771 caedibus
1805 2702 1877 2770 Re·

1108 2806 1407 2886 rumoublicarum
1454 2802 1576 2875 statum
1615 2803 1877 2873 dilacerarunt.

1110 2906 1162 2979 lbi
1185 2904 1251 2980 sese
1270 2908 1459 2980 tuebantur
1481 2905 1654 3002 Nobiles;
1684 2902 1765 2973 inde
1786 2928 1877 2999 quo·

1108 3035 1175 3102 que
1190 3010 1194 3033 '³
1212 3030 1295 3081 cont
1314 3011 1393 3103 guis
1428 3008 1581 3079 boslibus
1621 3009 1752 3077 bellum
1783 3002 1841 3075 ins
1857 3044 1874 3060 ·

1108 3111 1250 3181 rebant.
1289 3101 1381 3181 Vide
1428 3112 1581 3180 Annales
1608 3103 1806 3177 Genuenses
1835 3104 1875 3178 in

226 3203 369 3289 talaria,
411 3205 448 3276 in
497 3235 603 3305 quam
649 3207 682 3282 se
723 3210 855 3297 recepit
887 3216 992 3282 Anno
1034 3225 1065 3292 D
1112 3215 1188 3282 Rer.
1217 3212 1369 3282 ralicar.
1403 3206 1633 3283 Collesiione
1670 3231 1772 3276 ame
1799 3207 1878 3278 edi-

224 3307 458 3381 MCLXVH.
510 3310 715 3383 Alexander
763 3314 828 3385 Ill.
875 3316 992 3411 Papa.

224 3409 330 3482 Hanc
367 3408 528 3508 speslasse
564 3415 606 3486 ad
646 3412 802 3487 nobilem
833 3411 870 3488 dc
898 3414 989 3487 anri·

222 3508 424 3609 quiffimam
477 3518 742 3615 frangepanum
789 3515 992 3599 familiam,

226 3613 398 3687 Baronius
426 3636 528 3691 antea
556 3620 717 3694 monuit.
746 3618 787 3693 ln
811 3618 992 3712 Opuseulo

222 3738 368 3811 quoque
411 3715 657 3817 descriptionis
700 3720 813 3795 Urbis
862 3726 991 3795 Rotna-

223 3839 312 3900 nae.
349 3818 442 3915 quod
469 3819 506 3892 in
535 3824 671 3898 Codice
698 3818 827 3896 Cenrii
862 3829 989 3896 Came-

222 3918 307 3992 rarii
346 3922 488 3993 circiter
526 3927 670 4000 Annum
705 3926 880 3994 Meter.
907 3951 990 3994 exa-

223 4038 302 4091 rato
329 4019 421 4114 legi,
450 4018 488 4090 &
516 4021 664 4094 Clariis.
695 4018 989 4091 Montsauconius

1110 3333 1164 3384 tos
1192 3315 1312 3384 Torno
1349 3315 1413 3383 Vl.
1446 3337 1522 3409 pao.
1552 3317 1637 3407 367.
1678 3327 1783 3402 atque
1821 3306 1881 3380 in·

1111 3415 1275 3508 telliges‚
1304 3441 1376 3512 quo
1404 3413 1441 3486 in
1464 3413 1523 3486 usn
1548 3408 1694 3501 perditis
1721 3410 1765 3481 iis
1788 3427 1882 3482 tem-

1112 3516 1275 3603 poribus,
1316 3543 1424 3612 quum
1467 3515 1592 3589 civilia
1634 3514 1724 3585 bell-a
1765 3509 1882 3585 serve-

1111 3620 1215 3700 bant‚
1264 3619 1475 3692 haberentur
1512 3615 1682 3713 ejusmodi
1729 3611 1880 3713 singula-

1110 3721 1200 3793 rium
1230 3722 1378 3794 Civium
1408 3725 1565 3794 Turres.
1597 3717 1728 3791 Credat
1755 3734 1877 3789 tamen

1108 3823 1168 3911 qui
1200 3821 1308 3897 velit,
1351 3849 1439 3916 quae
1475 3823 1518 3890 de
1557 3819 1680 3891 Pisana
1710 3815 1879 3892 Ciuitate

1109 3917 1241 3994 scrinfit
1269 3920 1454 4006 Beniamin
1484 3920 1689 3993 Tudelensrs
1728 3921 1891 4011 Judaeum

1108 4019 1143 4088 in
1176 4018 1384 4103 ltinerario,
1412 4021 1448 4094 ia
1471 4021 1555 4095 baec
1576 4025 1680 4095 verba
1701 4024 1872 4120 loquens:

223 4116 262 4193 in
291 4114 352 4189 suo
381 4120 506 4190 Diario
533 4118 662 4193 Italico
690 4116 897 4218 evulgavit,
936 4146 988 4192 re·
1030 4121 1058 4189 Ε
1109 4125 1222 4212 lageas
1252 4127 1352 4204 Urbs,
1382 4129 1414 4194 r'n
1443 4125 1532 4213 cujus
1558 4127 1704 4201 domibus
1725 4127 1793 4215 serr
1817 4129 1877 4196 do-

223 4218 382 4295 censetut
408 4217 600 4319 Templum
630 4219 731 4312 Jani,
787 4222 870 4315 qood
909 4251 990 4295 nunc

222 4324 342 4395 dieitur
367 4325 480 4394 Turris
506 4325 616 4397 Centir‘
656 4322 880 4414 fraiapanis,
921 4323 988 4400 hoc

225 4422 272 4497 est
298 4425 407 4499 altera
434 4426 561 4502 Turris
587 4426 628 4499 ad
657 4427 814 4500 eamdem
837 4432 988 4526 frange-

222 4551 353 4628 panum
391 4547 531 4626 gentem'
570 4529 767 4629 pertinens.
818 4530 872 4604 Ibi
900 4553 988 4626 quo·

221 4656 292 4731 que
319 4629 470 4725 legitur:
514 4637 570 4705 Ea
594 4633 663 4704 alia
689 4654 798 4726 parte,
826 4630 883 4704 obi
909 4661 991 4705 nore

220 4739 265 4821 cll
291 4732 406 4806 Turris
444 4734 554 4806 Cerrir‘
578 4736 618 4806 da
642 4735 767 4826 Orrigo'
794 4733 854 4811 sair
895 4744 987 4805 Tem·

220 4837 311 4928 plum
347 4836 486 4910 Bacchi.
532 4840 573 4909 In
614 4840 746 4912 Annal.
776 4834 988 4910 Bononiens.

222 4932 346 5007 'sorno
375 4941 510 5011 llVlll.
538 4943 618 5011 ller.
648 4938 804 5012 Italicar.
837 4939 880 5009 ad
911 4942 988 5010 An·

1106 4251 1168 4294 cem
1203 4225 1291 4295 mille
1327 4235 1443 4299 Turres
1480 4254 1711 4307 numerantur,
1744 4230 1790 4294 ad
1815 4249 1880 4321 pu-

1104 4330 1270 4420 gnandum
1296 4352 1392 4419 aptae
1418 4329 1464 4407 ἔφ’
1492 4330 1677 4412 ὶηΙῖνιιθιτσ.
1708 4327 1793 4421 Ejus
1818 4325 1879 4402 in-

1107 4430 1251 4526 terpreti
1291 4429 1484 4502 Bened3slo
1524 4430 1630 4499 Ariae
1667 4430 1877 4515 Montano,

1107 4551 1167 4602 aut
1212 4531 1445 4602 Conllamino
1495 4527 1753 4620 l’Empereur‚
1802 4559 1876 4610 non

1106 4632 1167 4716 iosr
1198 4632 1407 4721 Beniamino
1436 4629 1619 4705 tribuenda
1642 4633 1782 4707 videtur
1806 4634 1881 4711 im?

1107 4734 1220 4805 manis
1248 4732 1330 4804 haec
1358 4733 1528 4806 Turrium
1559 4740 1681 4833 copia.
1728 4735 1784 4811 seu
1813 4766 1878 4835 po·

1106 4835 1178 4906 rius
1207 4832 1303 4913 svlva
1331 4833 1368 4906 in
1397 4838 1464 4908 unt
1492 4837 1613 4911 Urbe.
1642 4843 1763 4932 Quum
1794 4841 1874 4918 unia

1110 4937 1302 5010 Nobilibus
1342 4938 1547 5011 aedificandi
1589 4944 1719 5015 Turres
1758 4945 1792 5012 &
1820 4941 1875 5016 fa·

90 5047 93 5053 '
221 5057 312 5112 num
328 5037 507 5116 MCXlX.
523 5039 674 5116 traditur
694 5040 871 5142 completa
889 5038 987 5115 aedi·
1069 5043 1219 5147 {cultas
1245 5035 1285 5120 &
1314 5040 1404 5122 vires
1425 5043 1557 5140 essent,
1583 5061 1780 5142 concoquat
1808 5068 1870 5118 no·

1758 5167 1821 5221 mo
