4214 6014
282 379 366 465 ²⁰5
588 338 957 436 DlSSERTATIO
1005 337 1466 430 VIGESIMASEXTA
1482 362 1495 429 t

1719 359 1804 437 206
1858 373 1862 383 ’

222 494 270 539 un
291 469 417 566 grande
432 465 603 553 stendardo
628 467 706 540 dell'
718 479 824 544 Arme
847 470 902 541 del
927 473 989 539 Ca·
1022 463 1069 533 A·
1095 463 1181 561 pulo
1208 462 1305 535 Flor.
1325 466 1413 560 Cap.
1436 485 1519 558 144.
1539 458 1752 538 Cnrrocinm
1781 467 1865 539 Mess

225 597 317 642 mune
349 572 387 642 eli
420 571 589 662 Fr'renze,
627 573 680 643 ebe
715 599 769 646 era
803 574 991 667 limezzota

224 673 337 746 lianea
358 701 375 744 e
399 673 594 769 vermiglia‚
630 702 647 744 e
682 703 794 748 ancora
822 674 855 761 fi
880 679 992 764 molita

224 803 248 848 a
279 782 378 848 lanto
412 776 605 848 Giovanni.
647 781 680 872 Ε
720 778 906 849 trainavalo
946 802 990 847 un

221 900 305 973 gran
329 875 409 970 pajo
434 880 470 947 ai
497 877 570 948 huoi
596 878 712 972 coperti
731 882 769 949 di
791 902 899 975 panno
916 905 991 950 ver·

218 981 359 1074 uiglio,
393 979 448 1050 cle
476 978 651 1070 solamente
686 1006 780 1052 erano
803 982 947 1071 diputati
973 1009 994 1051 a

220 1079 290 1158 eil,
327 1087 367 1152 etl
408 1107 503 1153 erano
539 1083 623 1151 dello
648 1084 786 1177 Spedala
810 1080 860 1154 de’
876 1082 994 1154 Preti.

221 1186 260 1255 Ε
275 1180 301 1250 'l
324 1185 494 1280 guidotote
528 1210 580 1254 era
611 1183 721 1273 {ronco
756 1187 809 1255 nel
834 1195 995 1257 Comune.

1095 563 1350 638 diolanensrurn
1377 563 1599 654 describens,
1638 563 1763 640 auiioe
1796 564 1865 649 est,

1096 669 1332 766 Capelianum
1371 665 1487 741 fniffe'·
1509 667 1762 750 constitutum,
1808 667 1866 766 qui

1095 769 1192 873 juxta
1231 776 1432 842 Carrocerunr
1477 767 1491 866 (
1508 771 1559 842 ita
1594 771 1775 843 Corrocium
1801 771 1868 845 ille

1098 869 1870 1071 iiliilif‘a‘iliiililaliialii?

1099 1076 1265 1152 Tradunt
1314 1097 1431 1151 autern
1488 1074 1582 1150 idem
1641 1078 1868 1151 Gualroneus

1102 1181 1285 1271 Flamma,
1321 1178 1452 1255 Corios
1491 1181 1525 1251 &
1554 1177 1619 1252 olii
1646 1177 1869 1276 Scriptores,

227 1288 265 1360 Ξ
302 1292 375 1382 quel
408 1286 566 1357 Carroccr'o
605 1286 748 1377 usavano
782 1289 837 1383 gli
873 1287 997 1384 anriclm'
1072 1282 1294 1376 ,Heriberto
1310 1279 1590 1379 Archiepistopo
1605 1277 1867 1354 Mediolanenfi

226 1408 287 1486 per
312 1388 426 1477 trionso
451 1388 672 1484 elignirade.
701 1393 733 1458 Ε
752 1396 879 1485 quanm
896 1386 994 1460 r’an—
1029 1373 1060 1444 Β
1102 1386 1227 1457 Seculo
1249 1384 1317 1457 Ch.
1340 1386 1401 1457 xl.
1422 1381 1541 1457 deberi
1562 1381 1739 1483 originem
1762 1396 1869 1502 aiqne

226 1495 320 1563 davo
345 1490 379 1560 in
405 1488 486 1580 olle,
515 1491 527 1558 i
552 1493 649 1560 Contr'
667 1491 772 1561 vicini
789 1518 806 1561 e
826 1492 997 1563 Cavalr'err'

225 1590 258 1666 il
291 1612 446 1664 traevane
483 1588 561 1663 delt’
575 1599 677 1686 Opera
716 1593 754 1663 di
788 1598 890 1664 Santo
916 1595 995 1663 Gia-

226 1698 362 1772 vanni,
399 1723 414 1764 e
440 1696 670 1765 conducevanlo
697 1695 731 1766 in
753 1695 841 1786 sulla
867 1696 997 1789 Pltzza

227 1797 267 1869 dr·
295 1802 437 1867 Mercata
462 1801 578 1865 Nuovo
603 1793 675 1873 &a
701 1825 718 1867 e
743 1799 771 1866 ri
797 1796 820 1866 l'
838 1824 996 1871 acromon-

229 1900 363 1969 atavam
388 1899 424 1969 al
450 1904 586 1991 Popolo‚
616 1925 633 1968 e
659 1898 672 1968 i
698 1900 848 1990 Popolari
874 1901 900 1968 il
922 1899 997 1994 gui·

231 2003 364 2071 dartana
390 1996 560 2085 ncll’ollc.
598 2006 630 2071 E
655 2030 677 2074 a
702 2001 747 2071 cil
780 2027 876 2073 erano
909 2002 998 2094 ripu—

231 2102 300 2173 tati
327 2102 362 2172 in
385 2103 528 2196 guardia
553 2103 566 2169 i
590 2107 649 2196 pria
666 2103 828 2196 petlettie
852 2104 911 2198 pila
932 2103 999 2191 sor·

234 2201 266 2272 ti
290 2229 307 2271 e
332 2201 505 2285 virtudr'ofi
529 2204 673 2292 popolari
698 2206 786 2274 clella
826 2206 945 2292 ciret,
985 2230 1001 2272 e

1072 1485 1289 1559 'inventum
1317 1482 1503 1560 Carrocii.
1545 1490 1670 1582 Neque
1705 1485 1871 1559 iinmeri-

1100 1593 1160 1662 tir.
1203 1589 1412 1686 Arnulphus
1455 1587 1551 1661 enirn
1592 1584 1869 1663 Mediolanenlit

1102 1690 1300 1764 Historicns
1352 1689 1504 1786 ejusdem
1553 1690 1668 1764 Seculi
1715 1691 1798 1766 Lib.
1833 1712 1870 1764 n.

1095 1790 1192 1894 Cap.
1231 1797 1287 1869 16.
1317 1792 1448 1866 Histoe.
1477 1791 1722 1867 Mediolanen.
1750 1795 1874 1868 ‘sorno

1104 1899 1167 1967 lv.
1197 1901 1276 1970 Rer.
1298 1897 1452 1969 Italicae.
1479 1897 1665 1996 virigenus,
1706 1894 1791 1969 haec
1827 1894 1872 1968 de

1105 1998 1298 2070 Heribetto
1325 1996 1450 2069 habet:
1479 1999 1616 2093 Signum
1636 2018 1761 2078 autem,
1788 1997 1873 2092 quod

1103 2100 1308 2171 dimicaturos
1329 2100 1402 2189 suos
1420 2098 1555 2170 debebat
1579 2101 1780 2188 praecedere,
1806 2098 1873 2169 tale

1104 2199 1283 2285 constituit.
1311 2205 1441 2268 Proceta
1459 2203 1547 2270 trabs
1556 2247 1568 2279 ,
1596 2198 1695 2285 inllat
1713 2198 1794 2270 mali
1812 2224 1874 2272 na·

231 2330 257 2378 a
282 2305 386 2398 quello
410 2301 643 2396 s’ammaffaem
669 2326 755 2376 totta
781 2307 816 2376 la
835 2305 931 2399 forna
950 2305 1002 2374 del
1034 2295 1080 2387 Cf
1103 2304 1183 2383 uis,
1211 2299 1330 2388 cabalio
1354 2297 1476 2390 confixa
1502 2299 1648 2387 Plaullro
1672 2301 1812 2396 exigitur
1837 2302 1873 2372 iro

230 2405 351 2495 Popolo
377 2403 450 2484 &e
471 2404 659 2503 Augustius
680 2403 719 2480 &
739 2407 881 2507 gravius
902 2405 1001 2479 fuine
1098 2404 1258 2497 sublime,
1308 2429 1454 2476 aureum<
1471 2403 1598 2498 gellam
1644 2403 1678 2473 in
1718 2403 1876 2478 cacumine

217 2506 508 2582 Mediolanenfis
539 2511 665 2600 Populi
707 2507 917 2584 carrocium
935 2508 1021 2583 'in·.

231 2607 278 2681 de
304 2609 540 2709 argumentari
570 2610 768 2708 poliemus,
795 2612 889 2709 qnod
916 2634 1020 2707 qun.

167 2797 169 2801 ι
231 2726 317 2784 tuor
343 2712 424 2812 juge
452 2738 675 2812 procerorum
706 2716 810 2787 bourn
839 2715 882 2785 ed
899 2711 1002 2785 ‘illud

233 2809 444 2884 trahendum
473 2813 746 2889 adhiberentur.
784 2819 871 2888 Sunt
908 2813 1004 2888 inter

235 2928 374 2985 ueteres
401 2910 440 2985 ἃ
469 2913 554 2994 aiii,
595 2919 656 3011 qni
692 2920 906 2988 Carreciornm
931 2913 1003 2988 ior-

231 3038 331 3088 mam
360 3011 580 3089 describunt.
634 3021 711 3116 Ego
754 3016 878 3091 ceteris
907 3041 1004 3114 pree·

1102 2527 1230 2597 pomum
1265 2532 1333 2576 cum
1367 2505 1577 2601 pendentibus
1615 2511 1734 2577 acatos
1760 2505 1875 2578 candi·

1105 2609 1239 2703 diffirnir
1263 2608 1333 2679 veli
1358 2611 1489 2679 limbis.
1525 2614 1589 2680 Ad
1614 2611 1750 2678 medium
1776 2633 1876 2678 vene·

1105 2716 1210 2785 tanda
1246 2717 1334 2781 Crux
1358 2709 1485 2803 depilla
1519 2711 1702 2782 Salvatotir
1734 2711 1876 2807 imagine

1104 2813 1237 2898 extenfir
1262 2815 1329 2884 late
1355 2810 1492 2883 brachiis
1514 2810 1772 2908 superspel‘labat
1812 2811 1877 2882 cir-

1106 2915 1246 3007 cumfusa
1280 2920 1434 3009 agmina,
1472 2937 1509 2983 ut
1541 2916 1773 3011 qualiscumque
1793 2914 1878 3005 foret

1109 3017 1185 3088 belli
1223 3039 1382 3109 mentor,
1427 3015 1481 3085 bec
1510 3015 1604 3111 signo
1630 3017 1878 3105 confortarentur

232 3115 424 3199 termiffis,
465 3120 568 3214 quale
596 3117 838 3193 Ticinensrum
868 3117 1004 3208 inerit,
1111 3116 1273 3216 inspelio.
1309 3120 1364 3190 En
1404 3140 1568 3217 germane
1605 3118 1747 3189 Carrocr'r'
1774 3142 1879 3190 exor-

231 3244 280 3292 ex
330 3225 525 3314 Anonymo
570 3219 743 3304 referam,
783 3222 845 3321 qni
894 3225 1004 3295 Anno
1029 3213 1078 3284 D
1110 3221 1191 3309 dia,
1218 3220 1260 3294 ad
1288 3220 1386 3318 cnjus
1415 3219 1657 3293 imitationem
1695 3237 1751 3292 tot
1787 3220 1879 3292 aline

235 3321 368 3395 christi
398 3325 895 3422 mcccxxx.opuscu1um
922 3324 1006 3397 scri·

236 3420 301 3522 psit
324 3424 366 3495 de
390 3424 742 3523 Landibnri’apiae,
769 3427 904 3500 editum
931 3429 1007 3499 Το-

234 3549 299 3599 mo
328 3529 389 3596 xi.
419 3530 497 3596 Rer.
525 3525 678 3598 italicar.
705 3530 793 3598 Sunt
828 3527 902 3622 ejus
929 3552 1007 3596 ver·

220 3627 285 3696 -ba
313 3622 405 3709 Con.
440 3648 495 3718 13.
532 3632 641 3717 ¹Quom
681 3629 725 3696 ad
761 3627 926 3714 solemnem
966 3626 1010 3695 Θ·

235 3729 418 3823 generalem
436 3747 601 3795 excreatum
618 3728 808 3817 procedunt,
828 3728 932 3819 secum
948 3732 1010 3797 du·

238 3848 316 3899 cunt
358 3827 568 3916 Plaustrum,
622 3828 820 3899 trahentibus
862 3829 1010 3921 pluribus

235 3932 369 4022 pambus
397 3933 486 4000 laum
511 3952 617 4025 panno
644 3935 735 4001 rubeo
770 3950 976 4021 coopertorum
989 3957 1010 4019 ,·

1111 3324 1248 3404 Urbes,
1276 3321 1477 3419 praesertim
1500 3320 1794 3418 splendidiffimae
1821 3321 1879 3394 in·

1111 3444 1166 3499 ter
1191 3422 1358 3505 Italicas,
1393 3417 1550 3496 Currum
1590 3426 1709 3521 parem
1739 3421 1880 3494 abfinri-

1113 3529 1183 3598 lem
1220 3523 1283 3597 fibi
1324 3543 1512 3622 pararunt,
1548 3545 1663 3618 eoque
1696 3523 1733 3595 in
1767 3525 1881 3594 bello·

1114 3651 1190 3698 rum
1219 3623 1423 3697 discrimine
1450 3621 1530 3694 sunt
1557 3622 1657 3696 usae.
1687 3623 1727 3698 ln
1756 3628 1881 3698 Anno-

1115 3725 1210 3800 libus
1235 3724 1508 3806 Caesenatibns,
1535 3727 1656 3801 Tomo
1681 3731 1779 3801 XIV.
1800 3730 1881 3802 Rer.

1116 3827 1272 3900 italicar.
1314 3826 1443 3909 editis,
1495 3827 1732 3900 Bononienses
1772 3836 1883 3902 Anno

1115 3926 1250 4004 Christi
1273 3931 1466 4005 Mchx.
1491 3927 1593 4026 fecrffe
1614 3931 1796 4002 carrocium
1811 3929 1885 4028 pri-

237 4040 322 4128 quod
349 4032 531 4116 Plaullrurn
564 4034 663 4128 vulgo
696 4033 884 4105 Cornelium
924 4033 1007 4104 diei·
1115 4058 1200 4104 mum
1225 4031 1414 4113 dicuntur,
1459 4031 1525 4104 hoc
1566 4032 1612 4104 eii
1653 4033 1805 4132 primitnt
1834 4024 1885 4106 ufi

240 4154 317 4206 tur.
346 4136 383 4201 in
410 4158 469 4226 que
495 4135 745 4203 Telemaculnrn
771 4134 814 4219 esl
840 4138 1008 4229 ligneum,
1049 4123 1081 4194 Ε
1116 4133 1215 4208 fuisse
1241 4133 1435 4208 Cetrocio.
1465 4133 1566 4208 Paria
1595 4135 1790 4225 praestitere
1816 4138 1883 4208 Pa·

236 4234 369 4325 capiens
382 4234 525 4328 aliqaram
547 4233 706 4303 bominum
722 4237 957 4328 quantitatem:
972 4238 1007 4307 in

226 4336 331 4426 *cujus
347 4337 449 4410 medio
461 4335 608 4424 sublimis
623 4334 666 4421 eJl
678 4334 798 4426 pertica
809 4337 929 4427 [ursum
942 4365 1007 4409 ere·

238 4433 293 4509 cia
314 4466 380 4508 eum
396 4461 483 4528 pomo
496 4465 585 4511 aereo
597 4441 749 4510 deaurato
763 4487 774 4519 ,
803 4437 836 4506 in
851 4465 914 4534 qua
929 4442 1011 4511 inter

242 4535 312 4608 alia
353 4539 493 4621 inssania
528 4549 655 4614 rubeum
696 4541 881 4612 Tentorium
921 4543 1008 4631 puni·

242 4654 323 4720 tur,
360 4639 402 4710 &
431 4642 588 4714 Vexillum
614 4646 825 4740 longiffimum
861 4642 1013 4726 rubeum,

242 4765 312 4812 ‘W
338 4749 435 4814 C'ute
461 4745 558 4832 ella,
586 4743 633 4822 ἶν’
659 4753 788 4845 deioper
813 4774 919 4819 ramur
943 4746 1033 4817 Oli·-

242 4868 330 4912 vae.
363 4849 407 4912 Et
436 4849 482 4916 ita
508 4848 671 4917 celebratis
698 4852 731 4917 in
759 4853 816 4920 ello
843 4857 888 4919 M
900 4848 1014 4939 ffarum

239 4944 428 5039 filomatis,
455 4949 597 5018 ordinate
624 4953 816 5037 procedunt.
858 4954 1015 5023 Gualva·

243 5072 333 5126 nene
360 5067 480 5124 autem
507 5049 549 5125 de
575 5051 611 5126 la
638 5054 798 5129 flamma
822 5056 863 5131 in
892 5051 1016 5128 Mani·

1118 4234 1261 4316 tarini,
1289 4235 1534 4324 Vernmnstn,
1577 4238 1764 4323 liciniani,
1792 4234 1885 4309 Cre·

1119 4335 1323 4424 montosa,
1376 4338 1576 4412 Placentini
1592 4392 1604 4428 ,
1647 4336 1858 4410 Ticinenles
1874 4393 1886 4430 ,

1120 4435 1342 4526 Parmenseo,
1380 4437 1581 4515 florentini
1621 4440 1688 4512 διο.
1726 4437 1887 4513 Fortiffi-

1120 4566 1259 4613 morum
1298 4541 1457 4615 rnilitum
1494 4567 1618 4644 agmen
1660 4540 1702 4613 od
1737 4539 1886 4616 Plaustri

1120 4642 1223 4741 hujus
1251 4641 1441 4718 custodiam
1468 4671 1507 4717 ac
1535 4647 1684 4719 tutelam
1713 4645 1750 4717 in
1787 4669 1888 4736 proe-

1120 4744 1182 4818 liis
1208 4743 1462 4819 destinabatur.
1505 4751 1550 4818 Et
1591 4773 1699 4849 quum
1730 4747 1887 4839 reliquus

1122 4845 1298 4922 exercitus
1325 4846 1366 4919 ad
1395 4847 1580 4919 Vexillum
1609 4876 1627 4921 e
1656 4848 1797 4943 proceri
1824 4846 1888 4926 illa

1121 4951 1220 5024 trabe
1248 4948 1398 5049 pendens
1426 4946 1634 5045 respiceret,
1664 4948 1805 5024 fortiter
1831 4949 1887 5024 di·

1122 5055 1299 5131 micabat.
1325 5055 1381 5132 Eo
1405 5073 1524 5131 autem
1550 5050 1708 5148 sublato,
1732 5052 1826 5174 vires
1852 5055 1888 5128 δε

1751 5181 1833 5238 tm·
