4214 6014
267 294 373 429 '2⁶9
506 405 510 413 ,
579 274 960 402 ‘nrsssuruno
1001 302 1491 398 uscustuusssrur
1644 235 1661 273 ⁰
1722 333 1808 414 270

224 433 369 509 Petram
396 459 536 535 quoquc
562 431 771 509 Comensem
801 429 905 520 uide,
931 455 985 503 re·
1026 432 1059 502 A
1102 423 1286 525 perrexisse
1322 417 1636 521 Populostristi
1672 419 1792 499 fideles
1827 454 1866 502 e·

135 533 165 592 st
225 536 393 612 serentem
437 538 526 610 bella
566 535 661 609 inter
702 530 985 608 Mediolanenses

226 657 330 736 atque
355 636 546 714 Comenses
571 639 614 709 ab
639 642 749 711 Anno
767 635 985 708 MCXVIII.

226 737 329 834 usque
354 740 397 814 ad
425 740 660 813 mcxxvn.
688 734 853 836 perusia,
889 734 987 833 cujus

228 841 352 915 Posrna
387 840 470 915 dedi
498 843 621 912 Tomo
648 842 694 910 V.
724 841 804 911 Res.
833 836 988 909 Italicas.

224 942 258 1014 Is
284 961 413 1039 quarto
439 966 581 1038 quoque
610 939 719 1012 verbo
750 937 891 1033 sagittis
926 962 990 1034 pu·

225 1063 374 1139 gnatum
413 1039 551 1121 tradit,
586 1058 692 1136 atque
726 1037 821 1112 inter
861 1056 991 1110 ceteras

186 1144 190 1149 ’
228 1142 412 1216 Civitates
437 1139 757 1216 Mediolanenssum
784 1137 915 1213 socias.

224 1277 227 1282 ‚
280 1292 418 1366 Mutina
449 1319 518 1364 tuns
542 1290 653 1364 inuitis
677 1290 770 1364 venit
795 1295 856 1363 buc
885 1316 990 1364 erma·

380 1414 417 1488 ea
441 1393 606 1492 saginis.

226 1543 397 1645 Rogcrius
422 1571 565 1646 quoque
593 1543 806 1621 Siciliae&
835 1540 990 1642 Apuliae

226 1650 300 1720 Rex
339 1647 478 1720 Primus
515 1652 624 1720 Anno
661 1648 912 1721 mcxxxm.
953 1647 985 1717 ds

132 1829 135 1834 ,
226 1742 513 1844 subsequentibus
553 1748 751 1844 Sagittarius
791 1748 987 1842 complures

226 1847 264 1920 in
293 1849 389 1922 bello
415 1845 621 1945 usurpabat,
651 1847 850 1922 Romualdo
876 1848 988 1920 Saler-

224 1949 350 2024 nitano
377 1947 460 2023 teste
484 1947 531 2049 in¹
550 1946 737 2023 Chronico
760 1951 881 2022 Tomo
905 1950 988 2019 Vll.

227 2053 308 2123 Res.
337 2050 491 2125 italicar.
528 2049 586 2124 Sic
615 2046 734 2123 Pisani
769 2047 809 2123 in
844 2046 988 2146 expedi·

226 2152 325 2225 tione
360 2170 484 2226 contra
520 2153 681 2227 Baleares
720 2149 850 2224 lusulas
879 2153 988 2222 Anno

1102 528 1190 603 tiam
1235 527 1307 626 post
1345 528 1409 600 illa
1444 542 1604 625 tempora
1644 551 1740 598 arma
1778 526 1865 602 bars

1102 629 1285 728 usurpare,
1309 626 1403 726 q'uass
1430 629 1529 702 nulla
1553 627 1593 701 in
1620 625 1663 702 id
1685 653 1866 703 armorum

1102 757 1209 832 genus
1241 734 1299 805 lex
1328 729 1367 805 &
1404 755 1515 831 poena
1550 725 1753 804 emersisset.
1789 732 1867 806 Sirc

1105 837 1195 908 Raul
1230 835 1275 907 de
1311 834 1396 906 Reb.
1422 829 1501 933 geli
1529 830 1700 905 friderici
1729 836 1757 906 1.
1787 837 1868 907 To·

1103 962 1163 1009 mo
1191 939 1256 1009 Vl.
1288 939 1419 1009 Rerum
1454 932 1609 1007 Italicas.
1644 958 1721 1032 pag.
1755 957 1864 1033 ¹179·

1103 1055 1359 1128 commemorat
1395 1034 1437 1110 ad
1464 1039 1612 1108 Annum
1644 1032 1776 1110 Christi
1806 1041 1869 1110 M·

1102 1141 1270 1214 cxmx.
1297 1136 1449 1230 pedesires
1473 1135 1689 1233 Sagittarius.
1727 1137 1866 1239 Audia-

1105 1237 1226 1314 tur&
1253 1243 1345 1313 Otto
1370 1243 1522 1313 Morena
1549 1237 1587 1310 in
1615 1235 1747 1311 Histor.
1772 1241 1871 1315 Lau·

1031 1337 1057 1406 B
1103 1338 1208 1415 denfi'
1222 1340 1285 1441 qui
1304 1337 1457 1416 Cremae
1481 1336 1697 1414 obfidionem
1725 1332 1870 1415 narrans

1103 1442 1146 1515 ad
1172 1443 1321 1517 Annum
1347 1445 1526 1517 MCLlX.
1552 1439 1696 1515 scribit:
1725 1445 1868 1539 surpere·

1101 1564 1170 1626 ter,
1205 1543 1332 1641 esusque
1366 1545 1530 1640 Principes
1563 1543 1682 1636 assidue
1715 1543 1775 1615 din
1809 1569 1867 1616 no-

1100 1644 1214 1742 c‘seeque
1239 1647 1418 1739 cremenses
1449 1673 1518 1717 euna
1543 1643 1696 1731 Bsilisiis
1729 1659 1777 1721 (θ’
1811 1672 1868 1720 ar·

1100 1750 1194 1821 rubus
1218 1746 1466 1846 oppugnabant.
1503 1749 1559 1820 En
1586 1743 1702 1820 rursus
1728 1745 1782 1821 uti
1812 1772 1867 1821 res

1100 1847 1256 1923 diuersae
1282 1867 1524 1924 memorantur
1551 1845 1700 1923 Balistae
1725 1843 1766 1922 ἃ
1793 1852 1866 1924 Ar·

1101 1974 1185 2022 cus.
1222 1952 1277 2023 Ita
1308 1951 1527 2025 adAnnum
1554 1950 1711 2024 MCLX.
1743 1950 1867 2024 fride-

1100 2048 1194 2124 ricus
1224 2051 1253 2121 1.
1288 2048 1486 2147 Imperator
1515 2048 1628 2143 jurare
1657 2047 1736 2139 serit
1770 2057 1868 2122 Loue-

1100 2149 1234 2223 burdine
1258 2153 1422 2224 Praestatur
1448 2152 1493 2222 θ’
1518 2150 1683 2241 Principes
1711 2150 1758 2222 ed
1781 2153 1866 2222 dan-

226 2255 406 2328 MClllV.
433 2249 587 2352 suscepti
620 2251 744 2326 iisdem
778 2248 884 2325 armis
915 2274 987 2323 rem
1032 2240 1061 2309 C
1100 2253 1179 2323 dum
1205 2247 1272 2336 libi
1306 2249 1426 2323 milites
1459 2249 1581 2348 (idest
1613 2249 1786 2351 equites)
1823 2253 1868 2324 'ti'

222 2380 345 2455 egere,
382 2352 437 2429 uti
472 2353 511 2426 in
539 2351 709 2429 Carmine
747 2350 866 2452 prodit
892 2353 985 2426 Lau·

226 2456 360 2530 rentius
391 2456 570 2530 Diaconos
605 2456 681 2556 ejus
717 2453 802 2528 belli
831 2448 989 2550 Scriptor

225 2559 333 2638 Tom.
371 2561 435 2630 vt.
472 2561 552 2630 Rer.
589 2556 821 2630 Italicarum.
862 2555 988 2629 Seculo

221 2657 329 2732 etiam
359 2656 580 2757 praecedenti
608 2655 813 2732 Bonifatius
836 2653 988 2730 Tusciae

218 2763 311 2832 Dux
338 2761 374 2831 tr
410 2757 601 2847 Murcido,
635 2757 827 2832 Mathildis
855 2753 984 2831 Comi·

228 2858 326 2932 tissae
362 2876 489 2956 pater,
525 2858 608 2932 teste
645 2863 852 2931 Hermanno
884 2853 984 2931 Con·

227 2957 343 3033 trasio
379 2957 422 3032 ad
458 2962 605 3032 Annum
642 2960 770 3033 MLll.
807 2956 934 3044 inseiis
968 2987 989 3030 e

223 3064 346 3133 duobus
389 3081 532 3156 receptus
570 3060 757 3140 militibus,
798 3058 989 3157 sagittisque

224 3162 414 3234 uulneratus
439 3163 484 3233 Θ
517 3185 677 3243 mortuus,
707 3166 870 3234 Mantum
898 3160 987 3256 sepe·
1034 3140 1065 3209 D

223 3265 321 3336 sitne.
348 3267 443 3364 Ergo
467 3289 540 3337 non
567 3290 677 3359 nuper
693 3261 903 3341 inustum,
930 3259 986 3335 sed

225 3389 405 3463 nunquam
451 3362 711 3452 intermissum,
756 3360 987 3437 Innocentius

226 3468 320 3560 Papa
344 3468 503 3539 Arcuum
518 3461 787 3562 &Sagittarum
812 3461 911 3538 usum
931 3461 988 3536 in·

226 3567 351 3663 uenit3
376 3589 416 3637 ac
440 3580 623 3661 propterea
647 3588 718 3636 non
744 3562 909 3649 novitas,
932 3560 988 3633 sed

227 3665 299 3738 alia
324 3662 418 3738 ratio
443 3667 562 3737 Patres
585 3660 747 3737 Consilii
775 3665 990 3737 Lateranen·

226 3761 267 3839 sis
294 3763 453 3838 mouerit·
477 3764 519 3853 ad
546 3789 626 3837 eum
653 3789 674 3836 e
699 3761 834 3837 militis
860 3763 990 3835 tollen·

225 3869 336 3948 dum,
372 3863 395 3936 ss
432 3880 550 3939 tamen
581 3882 675 3938 certa
711 3861 757 3935 est
788 3861 888 3936 illius
915 3860 988 3936 Ca·

225 3969 330 4042 nonis
357 3965 461 4047 sides,
497 3967 532 4037 δι
571 3964 664 4039 nihil
699 3962 738 4038 in
767 3963 842 4063 ejus
870 3962 988 4036 verbis

224 4067 465 4142 dessderatur.
505 4069 603 4139 Num
638 4091 722 4162 ergo
753 4065 849 4161 qubd
885 4064 988 4138 inva-

223 4169 343 4244 luisset
379 4165 587 4241 exsecranda
622 4166 715 4238 ratio
742 4189 878 4237 ueneno
905 4164 986 4238 infi-

226 4268 343 4346 ciendi
370 4264 543 4366 sagittas?
584 4261 809 4361 Pandulphus
845 4263 988 4340 Pisanus

107 4374 110 4379 ’
227 4370 265 4443 in
287 4371 375 4444 Vita
398 4365 531 4443 Gelasri
557 4365 606 4442 ll.
634 4369 771 4465 Papae,
797 4361 891 4438 editi
912 4369 987 4439 To·

226 4494 287 4543 mo
310 4470 380 4546 Ill.
408 4476 487 4545 Rer.
516 4467 672 4543 Italicas.
710 4465 795 4538 haec
831 4464 874 4538 ad
910 4467 987 4539 An-

227 4597 310 4646 num
335 4569 473 4648 Christi
498 4571 716 4646 mestuus.
746 4566 872 4640 habet:
910 4570 988 4638 Sae-

225 4699 274 4747 ve
308 4674 433 4770 insuper
462 4671 535 4766 sens
565 4694 623 4766 per
655 4670 760 4768 ripene
787 4669 990 4742 Alemannis-

227 4799 298 4849 runr
322 4771 485 4847 barbaries
505 4772 572 4844 rese
594 4791 701 4844 rensre
721 4795 778 4845 nes
799 4769 903 4843 nsinte
925 4775 989 4841 Te-

223 4880 290 4949 xieo
310 4873 471 4990 sarissas.
506 4873 640 4947 Verium
667 4871 752 4947 baec
780 4871 880 4946 missa
908 4888 988 4945 tan-

224 4978 305 5054 dem
342 4973 546 5079 sacramus,
571 4973 713 5076 quande
747 4993 883 5051 certum
916 4969 987 5056 est,

1102 2360 1272 2425 Arretares
1307 2375 1402 2446 arque
1437 2351 1666 2440 Ballislerias.
1702 2355 1743 2425 ln
1779 2352 1868 2429 vira

1102 2478 1243 2553 quoque
1269 2452 1388 2527 Sansii
1419 2453 1586 2549 Raynerii
1626 2452 1742 2528 Pisani
1772 2453 1867 2529 edire

1102 2582 1122 2628 a
1150 2553 1374 2629 bollandistis
1409 2554 1452 2629 ad
1478 2554 1574 2630 diem
1601 2558 1719 2628 xv11.
1745 2555 1867 2648 Iunii,

1102 2656 1192 2755 apud
1239 2653 1449 2731 Motrooem
1487 2655 1653 2732 Lucensis
1692 2656 1768 2758 agri
1810 2655 1869 2732 ui·

1102 2782 1183 2831 cum
1218 2779 1375 2831 venerunt
1409 2758 1613 2852 Sagittarii,
1653 2758 1711 2855 qni
1749 2760 1869 2834 nastes

1103 2857 1252 2951 eniserunt
1272 2858 1416 2955 sagittus
1440 2857 1479 2933 in
1504 2857 1715 2934 Gratianum
1743 2886 1870 2959 quem·

1103 2960 1204 3033 dam.
1232 2962 1330 3033 Haec
1355 2957 1498 3035 circiter
1518 2964 1665 3036 Annum
1688 2965 1867 3037 MCLXI.

1103 3060 1280 3133 accidere.
1316 3063 1364 3132 Et
1399 3056 1479 3133 sane
1506 3059 1651 3135 Pisanos
1682 3063 1867 3160 perrexisse

1104 3159 1158 3237 uti
1193 3159 1343 3260 Sagittis
1379 3163 1436 3236 uel
1473 3160 1546 3262 post
1579 3160 1783 3238 Innocentii
1821 3166 1868 3239 11.

1103 3260 1358 3353 interdistum,
1384 3289 1506 3337 eorum
1528 3265 1687 3338 Annales
1714 3263 1868 3364 produnt

1103 3388 1206 3437 ame
1242 3361 1330 3436 editi
1358 3367 1480 3436 Tomo
1506 3367 1571 3437 VI.
1603 3369 1682 3437 Res.
1715 3365 1870 3441 Italicae.

1103 3462 1565 3637 iss²iib⁰aisisb¹is
1573 3463 1872 3640 riisiisi'nsi'

1106 3661 1170 3735 lib.
1190 3686 1268 3760 pag.
1290 3663 1375 3754 265.
1400 3682 1521 3737 contra
1548 3663 1745 3740 Henricum
1766 3663 1870 3742 Mar·

1105 3760 1272 3835 ebionem
1307 3761 1351 3835 de
1386 3765 1520 3838 Loreto
1547 3769 1657 3839 Anno
1690 3770 1871 3846 MCLIV.

1106 3861 1342 3962 procefferunt
1365 3891 1435 3935 enen
1457 3866 1614 3943 militibus
1637 3867 1654 3966 (
1665 3867 1749 3941 idest
1771 3868 1873 3968 equi·
1991 3889 1993 3892 ’

1104 3962 1227 4060 tibus)
1262 3964 1324 4044 &s
1344 3963 1535 4054 Base'lieriis
1572 3966 1620 4048 ῥ’
1654 3969 1900 4066 sagittariis·.'

1103 4063 1238 4138 Eodem
1278 4088 1421 4163 quoque
1456 4070 1567 4142 Auno
1586 4136 1589 4141 .
1606 4067 1805 4149 fridericus
1841 4076 1871 4151 s.

1104 4164 1281 4264 Augustus
1335 4164 1614 4244 Derthoneusens
1665 4168 1871 4251 Civitatem

1103 4263 1285 4337 obfidioue
1334 4265 1453 4343 reffit.
1488 4270 1665 4364 Sagittarii
1676 4323 1689 4360 ,
1725 4273 1872 4358 Balissa-

1107 4362 1171 4451 rii,
1196 4290 1432 4441 Fundiieserii
1448 4393 1550 4442 arcens
1566 4368 1801 4461 circumseptam
1816 4373 1873 4446 ei·

1099 4465 1300 4556 servabeus,
1327 4467 1381 4542 uti
1404 4465 1532 4543 scribit
1554 4472 1646 4543 Otto
1673 4469 1872 4574 frisingen-

1105 4562 1148 4682 sis
1174 4563 1257 4639 Lib.
1285 4589 1319 4641 a.
1345 4564 1438 4666 Cap.
1469 4593 1527 4670 17.
1563 4569 1607 4646 de
1633 4569 1720 4674 gest.
1748 4573 1872 4648 Fride·

1104 4664 1197 4741 rici.
1232 4668 1357 4767 Atque
1392 4669 1472 4744 heic
1497 4670 1613 4749 rursus
1647 4671 1871 4751 animaduer-

1106 4787 1167 4862 te,
1202 4766 1291 4842 alios
1328 4796 1354 4843 a
1372 4772 1565 4868 ,sagittariis
1599 4773 1700 4852 fuisse
1725 4774 1871 4864 Basilin-

1105 4870 1187 4945 rios.
1213 4869 1275 4943 Illi
1301 4895 1346 4944 ex
1373 4873 1523 4944 „eruum
1546 4873 1700 4973 Sagittas
1723 4874 1869 4957 emitte·

1105 4973 1209 5047 bant:
1245 4968 1303 5046 iiii
1337 4997 1358 5050 e
1383 4970 1520 5062 Beiislis
1546 4973 1561 5075 s
1575 5001 1669 5085 uque
1694 4980 1837 5068 Besessrr
1848 4984 1867 5084 s

1353 5144 1398 5175 ··.
1511 5168 1517 5174 .
1568 5134 1651 5195 sgr...
1674 5081 1849 5193 (stilis
