4214 6014
295 339 373 423 „r
558 309 1003 447 aurrnurr.
1052 304 1314 395 maort
1359 304 1552 395 AEVr

1043 437 1075 506 A
1116 423 1185 517 lit,
1211 452 1254 498 eo
1281 446 1462 522 tempore,
1489 426 1603 498 immo
1631 426 1665 498 bt
1693 426 1799 526 longe
1819 451 1878 498 an·

235 529 441 716 ATque
468 524 636 603 ltadlenus
662 527 705 603 de
733 528 997 628 antiquioribus

359 628 996 707 officinisMonetariisltaliae.Suc·

228 729 351 807 cessere
376 730 504 807 deinde
530 748 713 832 tempora,
753 731 882 833 quibus
922 732 995 807 Ita·

226 830 340 908 licum
368 830 553 933 praecipue
583 837 744 934 Regnum
780 860 908 908 noram
940 861 994 908 re·

226 958 303 1009 rum
331 930 458 1010 saciem
486 932 635 1025 sumsit,
676 936 913 1036 grandemque
939 962 994 1009 re-

228 1033 376 1135 giminis
405 1035 640 1110 mutationem
669 1035 708 1111 in
737 1035 769 1111 se
791 1035 993 1134 conspexit.

228 1135 373 1238 Quippe
401 1132 584 1239 Episcopis
611 1156 672 1213 aut
691 1138 914 1214 Civitatibus
935 1139 994 1211 be·

233 1264 277 1313 ne
313 1237 459 1331 multia,
495 1237 599 1314 decus
641 1238 738 1315 suum
780 1262 904 1332 augere
934 1266 995 1314 cu·

1736 338 1820 424 532

1116 546 1172 601 tea
1201 527 1285 624 (uti
1315 527 1452 601 suadere
1477 528 1569 600 illud
1606 527 1721 624 ipsum
1761 525 1880 603 Privi-

1116 627 1248 728 legium
1288 629 1456 724 videtur)
1496 629 1538 700 ad
1578 628 1878 730 Archiepilcopos

1115 727 1276 828 spesiosse
1318 728 1371 826 jus
1410 729 1631 804 Trevcrenlis
1681 736 1879 807 Monetae.

1115 832 1178 903 Sed
1222 855 1400 928 nunquam
1442 827 1623 905 desiderati
1663 830 1768 921 sunt,
1810 833 1876 932 qui

1115 928 1328 1026 praesentem
1370 928 1573 1005 nobilitatis
1610 950 1670 1006 aut
1697 939 1878 1031 potentiae

1115 1031 1192 1104 suae
1229 1031 1352 1105 llatum
1390 1033 1431 1104 ad
1474 1030 1726 1129 antiquitatem
1766 1039 1875 1110 etiam

1114 1132 1238 1207 referre
1281 1137 1494 1235 voluerunt;
1537 1137 1572 1207 δι
1610 1138 1705 1234 quod
1741 1160 1874 1211 veteres

1112 1234 1341 1336 ignorarunt,
1382 1234 1445 1331 ipfi
1482 1255 1542 1311 aut
1570 1237 1752 1336 impavide
1779 1265 1877 1312 cont-

232 1338 439 1438 pientibus,
466 1358 527 1416 aut
554 1341 754 1417 libertatem
783 1338 844 1414 srbi
873 1337 993 1417 sensnm
1036 1354 1065 1425 Β
1112 1337 1223 1411 menti
1252 1338 1353 1427 sunt,
1380 1355 1442 1413 aut
1468 1338 1600 1414 tabulis
1626 1340 1876 1440 jamdiu-con·

231 1438 522 1525 vendicantibus,
568 1441 715 1543 Regalia
750 1442 905 1517 concessa
950 1440 993 1516 ab

231 1540 400 1643 Augustis
434 1540 551 1637 suere,
592 1543 686 1619 inter
727 1570 816 1643 quae
852 1544 904 1643 jus
932 1569 993 1616 cu-

232 1642 363 1722 dendae
399 1646 590 1745 pecuniae.
631 1647 670 1718 Id
707 1644 906 1745 praesertim
936 1641 993 1716 in·

231 1743 403 1820 valescere
425 1746 544 1845 coepit
564 1748 708 1822 Saeculo
730 1746 897 1843 vulgaris
920 1749 992 1819 Ae·

229 1871 288 1922 rae
316 1847 378 1923 Xl.
405 1871 641 1948 quamquam,
675 1844 770 1948 quod
803 1845 849 1920 est
875 1845 992 1921 adt·

230 1944 418 2069 piscopos,
455 1973 524 2023 non
562 1946 685 2023 desunt
711 1949 873 2048 exempla
900 1966 992 2023 tem-

230 2049 363 2151 poralis
387 2045 646 2127 dominationis
672 2051 778 2151 longe
808 2068 910 2124 antea
939 2076 993 2124 ar-

231 2168 376 2248 reptae,
404 2154 712 2249 Nummorumque
738 2152 781 2226 ab
809 2147 888 2250 ipsus
916 2177 992 2251 per·

1111 1435 1203 1512 fietis
1244 1436 1349 1514 fidem
1390 1439 1645 1517 adhibuerunt.
1688 1444 1875 1518 Browerus

1110 1537 1182 1638 ipse
1227 1540 1268 1613 ad
1318 1567 1397 1615 eum
1454 1548 1601 1616 Annum
1654 1546 1875 1618 DCCCCII.

1110 1666 1218 1738 quum
1247 1643 1464 1716 mentionem
1501 1645 1636 1716 Comitis
1671 1644 1710 1719 in
1736 1649 1875 1718 Treve-

1111 1740 1196 1817 renst
1243 1745 1339 1817 Urbe
1376 1744 1677 1836 deprehenderet,
1713 1744 1873 1841 scripsit,

1110 1844 1249 1917 Comites
1285 1865 1342 1935 pra
1383 1846 1623 1942 Arcbiepisropo
1656 1846 1690 1917 in
1719 1842 1799 1921 Urbe
1822 1847 1878 1936 ius

1108 1943 1220 2038 dixisse
1233 1973 1254 2035 ,·
1275 1943 1323 2025 t&
1336 1945 1393 2042 ius
1421 1951 1512 2021 Urbis
1539 1949 1720 2033 Trevirenli
1735 1951 1876 2023 Arabic-
1905 2007 1912 2013 .

1106 2048 1228 2147 pisropo
1262 2072 1323 2145 per
1351 2048 1520 2149 Diploma
1548 2050 1637 2124 illud
1678 2050 1875 2125 reslitutum

1109 2147 1231 2225 luisse:
1271 2151 1366 2249 quod
1406 2178 1510 2226 nerno
1550 2151 1682 2242 alius,
1710 2151 1772 2227 nifi
1800 2178 1874 2224 cer·

230 2250 424 2328 cussorum.
452 2249 992 2329 Thomasmus&1.·e-Blancus
1032 2257 1068 2336 C
1110 2250 1201 2325 tiora
1245 2274 1475 2329 monumenta
1517 2252 1739 2340 adserantur,
1780 2251 1873 2326 affir-

231 2350 296 2428 hac
323 2351 364 2427 de
392 2379 427 2427 re
454 2351 676 2429 consulendi.
719 2350 828 2428 Certe
854 2353 991 2428 Gallia-

185 2510 191 2521 .
228 2478 306 2528 runt
346 2453 529 2555 Episcopis
566 2455 775 2535 nonnullis,
813 2454 989 2529 immo&

228 2555 453 2645 Abbatibus,
494 2559 598 2654 longe
625 2575 726 2629 antea
755 2555 859 2653 quim
891 2557 991 2629 ltali-

228 2654 301 2743 cis,
331 2655 499 2731 Monetae
520 2658 571 2756 jus
592 2656 787 2732 concessum
808 2655 897 2733 suit.
925 2657 990 2733 Li·

227 2779 305 2831 ccat
332 2774 450 2832 tamen
478 2757 614 2849 dicere,
643 2784 713 2832 non
732 2757 876 2844 omnia,
902 2784 990 2856 quae

227 2855 413 2933 traduntur
439 2858 481 2932 de
509 2857 667 2933 concessi
693 2857 821 2935 eisdem
843 2857 989 2955 Episco-

226 2959 280 3059 pis
308 2976 369 3034 aut
396 2957 597 3036 Abbatibus
626 2965 774 3035 Moneta
801 2978 883 3034 ante
911 2963 989 3034 An·

226 3084 309 3134 num
339 3057 469 3136 Chrilli
506 3059 767 3152 Millcstmum,
805 3058 873 3135 stne
914 3063 1017 3155 ullo.

1110 2378 1230 2441 mare,
1257 2373 1319 2428 aut
1346 2356 1483 2431 credere
1511 2355 1672 2430 audebit.
1715 2359 1798 2429 Non
1827 2359 1874 2426 E-

1110 2451 1370 2555 piscoporum,
1417 2483 1529 2555 neque
1578 2455 1874 2557 Arcbiepiscopo·

1065 2554 1073 2564 ’
1109 2580 1212 2647 rum,
1258 2555 1314 2631 sed
1354 2559 1613 2658 Imperatorum
1655 2555 1694 2632 &
1738 2563 1874 2656 Regum

1108 2655 1266 2731 Ministri
1293 2659 1383 2733 olim
1422 2658 1515 2733 suere
1554 2660 1709 2732 Comites.
1747 2662 1873 2754 ltaque

1108 2759 1233 2832 Seculo
1295 2759 1428 2836 Chrilli
1478 2758 1678 2834 Undecimo
1738 2783 1876 2857 praeter

1109 2856 1277 2935 baslenus
1322 2879 1618 2936 commemoratas
1664 2859 1875 2969 Civitates,

1109 2981 1300 3060 coeperunt
1344 2963 1434 3037 aliae
1483 2960 1663 3035 officinam
1684 2986 1686 2991 ·
1707 2965 1874 3037 Moneta-

1108 3059 1196 3134 riam
1225 3089 1267 3135 ex
1297 3061 1478 3162 imperiali
1521 3061 1738 3136 concessione
1767 3062 1873 3137 babe-

225 3160 391 3238 cxamine
427 3178 595 3261 tanquam
642 3181 737 3238 certa
775 3161 842 3236 else
869 3161 986 3234 conti·
1033 3163 1068 3231 D
1106 3186 1165 3247 re,
1191 3161 1399 3235 conditione
1425 3160 1599 3258 appofitd,
1646 3183 1687 3237 ut
1723 3163 1778 3236 ibi
1806 3191 1874 3237 no·

224 3289 295 3337 nuo
341 3262 564 3364 accipienda.
615 3263 651 3339 Si
694 3266 862 3339 Browero
903 3259 986 3336 sides

222 3363 306 3440 Lib.
317 3390 351 3464 9.
368 3364 652 3442 AnnalTrevir.
666 3363 870 3440 Ludovicus
898 3367 986 3436 Ger·

223 3469 361 3544 sunniae
382 3471 457 3544 Rex
482 3471 590 3543 Anno
610 3463 744 3541 Clarilii
766 3467 985 3540 nccccn.

222 3569 387 3645 Ratbodo
427 3567 632 3647 Treverensr
674 3561 985 3666 Arebiepilcopo,

220 3673 407 3744 frenesim
459 3670 620 3744 Civitatis
675 3675 842 3742 Monetam
892 3668 986 3738 Telo-

220 3769 310 3842 νείκη
336 3769 410 3852 &a
433 3771 612 3847 contulit.
639 3767 704 3845 Sed
732 3764 888 3869 nequid
915 3766 983 3840 dis·

221 3868 406 3961 simulem,
442 3893 547 3949 erunt
582 3870 711 3973 quibus
740 3872 910 3966 Diploma
938 3868 983 3942 il·

1105 3285 1185 3333 men
1222 3285 1362 3362 quoque
1402 3258 1629 3360 Imperatoris
1670 3282 1732 3338 aut
1765 3264 1873 3364 Regis

1105 3358 1321 3481 signaretur,
1359 3362 1398 3438 in
1436 3362 1612 3464 supremae
1652 3362 1874 3439 dominatio-

1104 3487 1159 3537 nts
1186 3462 1383 3541 indicium.
1414 3456 1504 3562 'Qui
1540 3463 1630 3539 ritus
1656 3492 1697 3540 ac
1724 3465 1882 3575 privile-3

1104 3563 1203 3662 gium
1232 3566 1419 3665 paullatim
1448 3567 1535 3641 adeo
1561 3567 1698 3664 crevit,
1723 3586 1764 3641 ut
1790 3569 1872 3656 nul,-

1106 3669 1139 3736 la
1166 3663 1307 3740 demum
1335 3665 1600 3742 eCiritatibus
1620 3667 1764 3759 liberis,
1790 3668 1872 3741 nul-

1072 3744 1158 3889 lus
1196 3793 1216 3840 a
1258 3768 1485 3869 Principibus
1535 3767 1761 3866 superruens,
1811 3769 1872 3844 cui

1106 3893 1175 3942 non
1202 3869 1348 3944 licuerit
1382 3868 1547 3968 deinceps
1584 3867 1715 3968 signare
1747 3895 1873 3967 argen-

95 3986 99 3997 '
218 3973 306 4060 lud,
332 3997 351 4044 a
382 3976 431 4044 Re
456 3997 475 4044 e
502 3972 667 4049 undecim
696 3974 833 4046 tautbm
874 3995 985 4044 annos
1104 3988 1207 4059 tum,
1234 3969 1419 4071 ipsumque
1445 3971 1598 4068 denique
1623 3996 1764 4042 aurum.
1794 3974 1872 4070 Ego

216 4090 301 4143 nato
342 3998 526 4162 emissum,
568 4067 804 4167 suspicionem
847 4066 986 4169 ingerat
1028 4064 1057 4134 Ε
1103 4069 1293 4146 secundum
1333 4071 1495 4146 ordinem
1537 4071 1731 4170 Alphabeti
1765 4090 1872 4169 quot·

216 4173 254 4248 el
290 4167 508 4271 potissumum
550 4168 596 4245 de
629 4167 770 4262 caussl,
809 4168 986 4267 quodibi

213 4299 285 4349 non
312 4275 458 4366 datum,
493 4271 551 4352 sed
578 4267 777 4349 restitutum
821 4272 986 4349 Ratbudo

213 4374 267 4475 jus
294 4379 466 4453 Monetae
491 4375 653 4455 dicatur.
693 4381 789 4473 Quat
826 4382 986 4476 pacm

211 4475 298 4573 (itt
327 4477 442 4582 pergit
469 4476 591 4557 dicere·
614 4476 823 4578 Diploma)
849 4493 985 4571 tempore

211 4580 372 4652 tt'umadr‘
397 4579 537 4669 ejusden
566 4579 665 4659 Urbis
690 4579 927 4679 Arcbt'eptscepi
943 4581 983 4651 dc

210 4684 405 4775 Episcopatu
431 4680 605 4771 adfinis«,
641 4677 687 4763 ἐν
729 4682 764 4754 ia
789 4682 982 4756 (misaam

206 4784 555 4869 cenaerlaeolcantrrr.
587 4782 699 4861 Auno
713 4781 844 4862 Chedli
862 4785 981 4857 DCC·
1069 4842 1074 4875 .

206 4884 357 4959 Lttxlt.
384 4885 600 4961 Catbedeam
644 4882 900 4963 Treverensern
943 4909 977 4955 a·
1069 4885 1074 4973 i

1102 4191 1191 4270 quot
1220 4177 1400 4248 Nummos
1429 4173 1634 4272 Principum
1655 4199 1696 4247 ac
1717 4173 1870 4246 Urbium

1102 4299 1291 4376 congerere
1327 4273 1496 4351 maenus
1533 4275 1664 4376 potui,
1703 4270 1870 4345 omnium

1100 4382 1218 4453 oculus
1244 4402 1443 4480 exponam.

1294 4575 1667 4655 AN'CONA.

1204 4778 1404 4852 nanim
1445 4775 1541 4850 Urbis
1569 4781 1747 4852 Nummos
1771 4802 1871 4848 com·

1229 4887 1344 4978 plures
1386 4882 1465 4955 uidi
1513 4877 1704 4952 Mutinae.
1744 4880 1868 4970 Quum

204 4978 340 5056 scandit
382 4987 625 5065 Weotnodus.
665 4986 799 5064 Credat
826 4981 887 5082 qui
917 5006 977 5056 te-
1067 4978 1196 5073 ieuam
1223 4983 1404 5084 peregrini
1440 4983 1587 5082 pietatis
1621 4978 1738 5150 caussfii
1774 4976 1870 5051 Affi-

1731 5103 1813 5160 um,
1918 5130 1968 5203 ι

45 5464 216 5648 ἢ
