4214 6014
192 386 305 506 itt·

456 381 827 502 DISSERYATIO
870 373 1422 476 VIGESIMASEPTIMA2
1623 375 1713 491 398

130 522 168 582 n
201 506 360 581 hereditas
393 523 472 590 tua,
511 507 567 604 qui
602 506 703 602 supra
734 506 894 603 petitore,
933 516 968 587 Α
1003 501 1176 593 secordiam
1211 501 1349 591 pandus·
1376 494 1556 584 Verotertstt
1598 502 1750 572 Monetae
1757 517 1774 593 ,'

130 610 306 682 calcearios
330 609 433 679 dardi
458 636 489 678 ee
514 607 674 701 artfiteosto
708 609 741 679 irs
767 610 821 679 ocb
846 635 896 680 or·

132 712 442 782 dirtfrcrtoveotur.
467 710 521 782 sie
547 712 596 782 ita
622 732 727 781 tamer
746 733 782 782 ut
803 711 895 782 eain·

132 813 173 883 lc
199 812 314 903 irascere
338 816 431 886 debeo
465 840 520 907 ego
547 812 780 907 suprascriptus
811 813 917 909 peti-y

130 931 222 994 tare,
263 913 394 1008 meisque
413 910 631 1006 successoribus
659 911 707 992 &⁴
734 918 898 986 heredibus

131 1016 245 1095 subit,
270 1015 371 1098 vestre
389 1016 637 1112 dominacionis,
656 1017 824 1110 vestrisque
843 1018 897 1085 be·

132 1114 264 1186 redibas
282 1116 423 1211 singuiis
449 1120 689 1214 quibuscumque
707 1116 897 1190 indifiioni·

132 1219 193 1290 tus
216 1216 374 1313 pcrtsiouit
400 1221 523 1290 nomiae
558 1221 608 1289 isc
644 1221 799 1294 Denario
825 1223 899 1290 Ve-

134 1317 236 1394 necie
263 1345 355 1406 uno,
393 1320 440 1391 ita
475 1343 512 1391 ut
546 1321 667 1391 diuum
692 1326 756 1408 est,
793 1311 900 1417 persto

97 1506 103 1513 .
131 1420 361 1517 persolvatur;
400 1420 448 1498 (r
484 1448 539 1491 nos
559 1423 782 1517 suprascriptis
817 1426 897 1493 Ma·
944 1425 973 1496 B

134 1523 260 1614 (oliuo,
288 1524 332 1591 θ
359 1522 506 1593 Wtuiido
527 1524 739 1618 promittimus
758 1546 825 1595 tam
843 1545 901 1618 pro

135 1626 250 1713 uobis,
286 1628 439 1718 quomque
471 1648 528 1720 pro
558 1628 675 1716 Jocubo
711 1647 818 1714 stepote
843 1650 898 1694 tto-

128 1723 221 1812 siro,
249 1726 417 1818 rosirisque
442 1726 607 1797 heredibus
640 1752 697 1819 pro
732 1727 820 1798 diua
843 1748 897 1816 pt-

137 1826 188 1896 sia
212 1845 292 1892 terre
307 1847 451 1897 vineata
464 1875 476 1907 ,
503 1829 641 1921 qualiter
662 1828 759 1923 supra
784 1827 916 1922 legitur..

138 1927 200 1996 tibi
222 1929 431 2020 suprascripto
459 1931 572 2016 Ursone
604 1931 799 2009 Presbite'ro,
835 1929 900 1997 tui-

128 2027 208 2122 sque
234 2024 441 2118 successoribus
470 2044 510 2104 (9
535 2030 699 2098 heredibus
718 2033 803 2100 omrai
823 2053 899 2102 ttm·

133 2125 206 2221 pire
233 2143 273 2198 ab
299 2133 383 2199 omni
411 2130 530 2199 bomine
569 2131 728 2219 desensare
765 2134 808 2201 (9¹
843 2156 902 2200 au-

1010 605 1066 675 uti
1093 600 1191 700 supra
1218 599 1338 675 vidisti
1364 599 1405 674 in
1434 599 1508 702 ejus
1544 596 1772 700 Diplomate.

1010 708 1070 793 Jus
1096 722 1214 776 autem
1244 701 1434 776 Patavinae
1461 700 1633 774 Monetae
1660 704 1701 776 ad
1723 707 1775 776 E-

1013 804 1192 904 piscopum
1227 801 1403 878 Civitatis
1442 803 1544 899 illius
1586 801 1777 901 spestaiiea

1011 909 1163 1006 legimus
1203 905 1241 979 in
1285 905 1492 1004 Diplomate
1532 905 1705 981 Friderici
1724 990 1727 994 ,
1746 909 1776 980 1.

1012 1013 1120 1082 Anno
1148 1006 1282 1083 Christi
1309 1011 1487 1084 MCLIV.
1506 1010 1615 1081 Tom.
1637 1012 1682 1079 V.
1703 1012 1779 1083 Ita«

1012 1112 1082 1184 liae
1109 1115 1250 1184 Sacrae.
1277 1115 1331 1184 En
1358 1137 1441 1210 ergo
1459 1106 1637 1183 Civitatis
1663 1114 1777 1184 Vero-

1013 1211 1123 1288 nensis
1152 1216 1351 1302 Nummos,
1377 1211 1544 1286 hastenus
1565 1209 1655 1285 mihi
1675 1213 1777 1285 obla-

1012 1336 1089 1390 tos.
1117 1318 1239 1412 Atque
1266 1315 1402 1388 utinam
1430 1315 1546 1414 plures
1572 1310 1704 1388 adferre
1726 1313 1776 1388 li-

1015 1417 1156 1490 cuiiiet.

1068 1519 1206 1592 Primus
1243 1523 1421 1594 Nummus
1454 1536 1660 1621 argenteas,
1700 1533 1780 1592 tun

1016 1620 1157 1695 Patavii
1184 1624 1274 1718 apud
1315 1623 1497 1696 Comitem
1534 1627 1705 1713 Ioannem
1735 1619 1778 1694 dt

1017 1727 1173 1810 Lazaro,
1222 1743 1299 1794 tum
1338 1729 1498 1797 Veronae
1539 1724 1629 1822 apud
1673 1726 1780 1812 Joan·

1017 1852 1096 1897 nem
1134 1822 1357 1897 franciscum
1396 1823 1604 1897 Muselliun
1647 1820 1782 1897 Archi-

1018 1928 1257 2023 presbyterum
1296 1925 1442 2022 inugnis
1468 1925 1632 2023 Capituli
1660 1927 1781 1999 Cano·

1016 2029 1176 2101 nieorum
1222 2023 1474 2123 veronensium
1516 2025 1700 2117 exsistens,
1741 2026 1782 2102 in
1823 2101 1832 2131 Ι

1017 2148 1162 2225 utraque
1190 2125 1280 2201 facie
1319 2124 1471 2225 eiiypon
1513 2127 1685 2227 praefert,
1722 2128 1781 2202 ia·

138 2229 293 2317 {sariram
318 2233 555 2324 promittimus.
582 2234 622 2304 sr'
648 2261 712 2326 qua
736 2260 810 2303 vero
829 2257 903 2327 pars
1017 2230 1220 2329 scriptionis
1269 2232 1407 2303 tantitm
1456 2226 1520 2301 sltu
1561 2231 1783 2322 immotam,

136 2353 242 2402 eontra
268 2359 298 2401 tt
323 2331 482 2420 enfiteofim
511 2336 554 2403 ire
591 2357 821 2422 temptavertt,
856 2332 902 2410 &⁴
941 2326 976 2405 C
1016 2343 1142 2431 nempe
1180 2331 1219 2405 in
1247 2356 1324 2404 area
1351 2328 1503 2406 Crucem
1542 2330 1782 2408 hisce'literis

139 2458 199 2501 tort
227 2436 468 2523 conservaverit
492 2438 596 2505 ommia
635 2439 772 2532 quainter
806 2437 904 2530 supra

136 2533 291 2627 iegitur,
333 2546 386 2606 ciet
426 2560 499 2624 pars
544 2541 631 2627 parti
683 2561 759 2628 pene
802 2537 902 2607 nomi·

97 2688 101 2696 ,
138 2660 249 2706 ste..
277 2687 323 2709 ..
376 2641 608 2710 Denariorum
653 2638 901 2712 Veronenslum

137 2736 276 2809 solidos
306 2739 452 2826 triginta
480 2743 511 2811 8(
543 2740 616 2841 ses3
658 2740 706 2818 (θ’
744 2741 811 2836 posi
847 2763 902 2835 pe·

137 2863 211 2909 stam
249 2841 382 2924 solutam
409 2869 440 2909 ec
464 2840 625 2928 enfiteofirt
642 2843 771 2939 estivi
809 2843 903 2935 supro

137 2940 273 3028 iegitur.
314 2942 398 3008 omni
437 2961 571 3036 tempure
610 2946 645 3013 irt
679 2949 741 3034 sua
778 2964 903 3015 maneas

130 3040 345 3130 firmitatem.

187 3140 311 3212 Actum
339 3144 372 3211 iet
400 3143 547 3214 Ciuitate
575 3145 717 3217 Bononia
742 3201 752 3220 .
780 3198 789 3218 .
816 3199 826 3219 .
853 3200 862 3219 .
891 3198 901 3219 .

972 2474 975 2480 ,
1018 2437 1148 2507 circum
1170 2432 1344 2506 exaratis:
1377 2437 1607 2508 VERONA.
1635 2433 1676 2508 Iu
1698 2434 1784 2514 lime

1018 2540 1063 2609 bo
1089 2539 1141 2609 CI
1171 2539 1212 2625 eir
1240 2538 1303 2607 Ev
1335 2539 1378 2624 ᾧ
1405 2538 1455 2610 CI
1483 2540 1525 2628 ff*
1551 2539 1613 2607 1v.
1631 2561 1782 2631 quarum

1017 2637 1199 2711 literarum
1239 2635 1515 2734 explicationem
1558 2638 1601 2710 ab
1634 2635 1783 2716 eruditis

1018 2736 1273 2812 Veronensibus
1300 2737 1530 2839 exspostabo.

1068 2839 1243 2914 Secundus
1279 2839 1322 2913 ab
1363 2843 1485 2914 eodem
1526 2839 1700 2917 Musellio
1740 2839 1784 2917 ab

1019 2970 1074 3016 me
1102 2942 1242 3023 missus,
1269 2942 1436 3016 Mutinae
1462 2969 1603 3042 quoquc
1630 2944 1667 3018 in
1696 2941 1785 3027 Mu·

1018 3044 1075 3119 seo
1102 3042 1352 3118 Bertacchinio
1378 3042 1523 3119 visitur.
1562 3049 1602 3118 In
1638 3073 1716 3120 area
1742 3071 1786 3119 o·

1017 3146 1145 3220 stendit
1183 3145 1354 3243 Aquiiam
1398 3146 1564 3246 protenfis
1600 3148 1667 3221 alis
1703 3170 1786 3222 cun

187 3253 231 3331 ᾧ
259 3245 397 3314 Alberto
432 3244 529 3334 filius
569 3255 724 3340 quondam
762 3248 903 3319 Gerarda
948 3253 982 3322 D
1017 3246 1207 3348 epigraphe
1247 3250 1473 3323 CiVITAS.
1512 3248 1553 3323 ln
1597 3251 1706 3325 altera
1733 3248 1787 3322 sa·

134 3346 173 3415 lt
211 3348 349 3417 Andreas
382 3349 421 3415 dc
456 3351 619 3431 Gerardo,
661 3349 707 3424 (J
735 3351 902 3437 sobamnes

130 3442 227 3537 silius
254 3447 400 3514 Bomaido
434 3450 474 3514 dt
509 3438 683 3533 Ferraria,
720 3447 766 3524 ὁ*
804 3453 901 3516 Lam·

134 3542 222 3617 beera
242 3544 336 3634 fitius
365 3550 469 3639 Ugooe
495 3549 535 3615 de
560 3556 715 3640 Carano,
756 3550 799 3638 (V
827 3546 901 3635 Urso

126 3644 227 3738 filius
263 3645 375 3731 Ursooi
413 3650 453 3717 de
492 3653 655 3728 Arabeta,
696 3646 742 3726 ὠ*
769 3655 901 3746 Pagano

134 3756 230 3821 Serto
250 3745 345 3837 fitius
370 3752 526 3844 quondam
552 3751 683 3844 Album
707 3754 823 3842 sarto,
848 3778 899 3823 ra-

131 3850 222 3946 gatis
249 3848 399 3935 tesiibus.

187 3956 230 4040 e}
259 3957 297 4023 Irt
324 3953 388 4023 Dei
414 3953 537 4025 nomiae
562 3981 617 4051 ego
638 3957 811 4028 Rotundus
831 3962 898 4027 No-

1019 3351 1073 3422 cie
1099 3347 1201 3423 Crux
1227 3374 1308 3420 cum
1337 3348 1452 3422 literis
1483 3355 1707 3425 VERONA.
1740 3353 1788 3426 Α.

1019 3447 1076 3521 M.
1102 3447 1187 3519 idest
1221 3446 1382 3518 Albereus
1415 3451 1451 3520 δ(
1489 3453 1655 3535 Maflinus
1689 3459 1728 3522 de
1753 3452 1790 3524 io

1018 3549 1134 3630 Scala,
1161 3545 1230 3621 five
1247 3549 1428 3640 scaligeri,
1454 3549 1516 3645 qui
1547 3554 1659 3624 Anno
1678 3549 1789 3625 Chri·

1019 3649 1058 3724 sti
1086 3651 1368 3725 mcccxxlx.
1389 3650 1568 3725 dominari
1593 3649 1788 3727 Veronenfi

1019 3750 1058 3824 in
1094 3749 1196 3824 Urbe
1232 3770 1442 3849 coeperunt.
1491 3757 1539 3827 Et
1576 3752 1654 3828 sane
1691 3755 1786 3830 inter

987 3837 993 3956 Ι
1019 3852 1103 3926 duas
1130 3851 1289 3926 initiales
1316 3855 1437 3928 literas
1466 3861 1523 3937 A,
1563 3857 1596 3928 ἀ
1625 3860 1680 3928 Μ.
1706 3861 1789 3930 scc-

1020 3957 1075 4029 lae
1101 3952 1212 4054 figura
1241 3953 1388 4045 visrtur,
1429 3956 1686 4054 Scaligerorum
1722 3957 1815 4030 don

135 4054 239 4124 tarius
264 4080 295 4122 ec
320 4051 478 4143 enfiteofiu
498 4055 568 4146 fic,
607 4076 643 4127 ut
678 4059 779 4148 supra
816 4059 899 4154 iegi·
1021 4056 1237 4135 minantium
1267 4056 1404 4155 Infigne
1430 4057 1686 4156 gentilicium.

132 4175 186 4229 tor
198 4208 211 4246 ,
231 4153 345 4251 scripst
355 4207 365 4226 .

71 4410 75 4416 -
184 4361 225 4432 In
252 4359 394 4435 Charta·
422 4360 531 4435 etiam
573 4362 746 4438 Beatricis
771 4364 899 4439 Comi·

133 4460 232 4535 tiiiae
259 4470 369 4537 Anno
400 4464 533 4538 Christi
572 4469 787 4539 MLxxrtr.
814 4493 898 4540 exa-

132 4585 231 4654 rata,
267 4593 372 4663 quam
410 4569 543 4665 protuli
581 4567 618 4640 ia
648 4565 899 4643 Differtatione

90 4746 94 4755 ¹
132 4667 197 4740 XI.
224 4673 276 4740 De
301 4671 471 4760 Artoria,
512 4689 752 4746 memorantur
778 4692 900 4747 centum

130 4768 249 4840 Librae
283 4773 483 4844 denariorum
511 4772 749 4845 Veronensum.
787 4770 919 4845 Deni-¹

131 4870 257 4964 quein
279 4872 501 4946 concedendo
524 4872 596 4968 jure
616 4873 788 4947 Monetae
809 4873 899 4970 Epi·

25 4978 32 4993 “
130 4969 238 5070 scopo
280 4977 454 5049 Patauino
489 4974 665 5050 Heneicus
692 4975 741 5052 11.
768 4979 896 5073 Augu·

129 5069 194 5147 stus
222 5077 428 5178 praecepit,
465 5097 506 5154 ut
533 5075 687 5177 pecunia
708 5075 893 5155 cuderetur

952 4155 982 4223 E
1070 4159 1238 4231 Tertium
1277 4157 1449 4257 poffident
1490 4161 1529 4233 in
1558 4158 1627 4236 iuis
1654 4157 1789 4235 Muie'ss

953 4331 959 4349 ,
1021 4259 1197 4334 Patauino
1223 4257 1357 4332 Comes
1384 4261 1426 4333 de
1455 4264 1610 4341 Lauaea,
1649 4260 1688 4335 &
1716 4267 1804 4335 Vc·-

1019 4357 1155 4435 ronenfi
1183 4359 1396 4434 Musellius.
1432 4358 1547 4434 Cusus
1574 4360 1643 4434 fuit
1673 4366 1790 4437 Num-

1021 4489 1098 4537 mus
1124 4460 1186 4535 sub
1208 4459 1292 4561 vipfis
1319 4461 1527 4562 Scaligeris,
1554 4463 1705 4563 ideoque
1724 4487 1788 4543 ex-

1021 4565 1214 4666 plicatione
1241 4590 1312 4637 non
1340 4564 1503 4679 indiget.

1057 4661 1230 4760 'Quartus
1269 4690 1387 4757 aereus
1427 4693 1466 4741 m
1506 4667 1627 4745 endem
1661 4667 1787 4745 Museo

979 4832 981 4839 .
1023 4769 1262 4856 Muselliano,
1304 4771 1439 4846 Scalam
1476 4769 1609 4873 iufigne
1637 4772 1791 4870 Scalige-

1021 4897 1141 4947 rorum
1169 4869 1317 4970 praefert
1342 4872 1382 4944 in
1409 4870 1551 4975 antica3
1593 4874 1630 4948 in
1660 4875 1788 4963 postica

1021 4979 1106 5049 vero
1136 4971 1257 5047 visun
1283 4972 1418 5049 Leonis
1438 4995 1542 5076 caput
1562 4974 1787 5079 sinissrbtan·
1850 5010 1851 5015 ¹
1964 4961 1966 4964 ‚

1019 5096 1185 5175 gentem,
1213 5100 1292 5149 cunt
1322 5073 1406 5167 suste
1431 5077 1470 5153 in
1490 5077 1661 5185 semma.
1759 5134 1763 5140 -

1050 5183 1089 5247 VJ
1108 5204 1180 5250 va
1296 5246 1299 5251 .
1615 5179 1734 5277 Quin·
