4214 6014
283 369 367 443 eor
590 334 961 427 DISSERTATIO
1005 333 1387 431 VlGEllMASEX
1395 334 1475 424 TA
1486 359 1500 429 .'
1722 373 1804 432 202

223 459 260 534 di
290 474 427 552 poterat
453 458 628 553 pugnandi
647 509 658 541 ,
676 458 896 532 -laedendive
923 459 990 532 ali·
1023 468 1059 541 Α
1099 457 1160 532 sub
1180 455 1304 531 callide
1323 460 1499 532 celatum:
1522 456 1614 532 unde
1634 456 1772 534 sortasse
1791 459 1868 535 Ita·

224 559 327 659 quem
347 560 484 647 caused,
511 562 553 633 ad
574 559 678 634 casira
699 563 884 650 accedere,
905 561 988 634 dum
1098 560 1209 635 licum
1238 561 1366 642 celata,
1408 587 1477 659 qua
1503 580 1623 636 tamen
1653 588 1741 637 voce
1769 558 1870 634 cuffi-

224 664 314 738 facie
350 689 502 764 pugnam
543 663 743 761 appetentis
786 663 990 739 incederet.
1098 665 1177 737 dem
1220 661 1331 762 ipsam
1377 662 1587 763 designatam
1631 664 1730 739 saec
1767 663 1870 736 vide·

226 766 328 842 Nihil
365 786 483 840 autem
524 765 726 838 evidentius
756 768 900 862 prodere
928 794 991 866 po·
1100 791 1201 839 mus.
1245 764 1284 839 In
1327 769 1469 839 Staturo
1496 693 1732 859 Ferrarieni,
1773 762 1870 868 quod

224 865 305 957 rest,
356 888 446 968 quot
489 865 673 941 scutiferis
719 888 804 961 tunc
858 870 992 942 militia
1099 867 1136 941 in
1186 865 1314 940 Estenst
1365 866 1590 942 Bibliotheca
1646 868 1870 950 adservatur,

144 976 147 983 '
222 968 435 1053 abundaret,
463 995 569 1066 quam
593 967 693 1066 pabla
719 973 828 1044 Anno
851 974 992 1044 MCCI.

221 1071 315 1146 inita
356 1071 452 1144 inter
487 1076 640 1145 Francos
681 1067 720 1144 &
762 1076 919 1145 Venetos
954 1072 991 1145 in

1102 974 1211 1042 Anno
1248 973 1530 1044 MCCLlllllll.
1567 993 1745 1064 exarato,
1783 962 1870 1045 haec

1100 1071 1249 1146 invenio
1270 1071 1353 1146 Lib.
1375 1097 1408 1147 2.
1432 1071 1574 1146 Rubric.
1599 1097 1657 1171 59.
1679 1082 1775 1169 Quod
1795 1073 1869 1172 qai·
1950 1076 1961 1108 l

222 1174 413 1245 Orientem
434 1173 684 1272 navigaturos,
713 1192 820 1271 atque
839 1174 934 1248 edita
955 1174 993 1246 in
1099 1174 1180 1245 libet
1205 1174 1315 1262 Castor
1340 1178 1513 1267 deputatas
1538 1181 1583 1247 ad
1608 1181 1752 1272 aliquam
1774 1173 1872 1262 callo-

226 1274 337 1349 Notis
365 1272 406 1347 ad
433 1271 642 1359 Chronicon
688 1277 844 1349 Danduli
872 1280 992 1350 Tomo
1101 1279 1190 1347 aliam
1224 1275 1363 1370 alicujus
1404 1278 1510 1362 Callai
1542 1280 1599 1349 vel
1623 1278 1686 1349 loci
1710 1274 1873 1350 Ciuitatis

226 1379 306 1448 ΧΠ.
335 1402 410 1474 pag.
437 1399 520 1472 324.
551 1381 630 1449 Rer.
663 1376 890 1451 Italicarum.
931 1381 990 1450 Pe·
1035 1376 1062 1446 B
1102 1378 1271 1451 Ferrariae
1295 1380 1351 1449 vel
1378 1377 1552 1466 vistrarius
1578 1401 1724 1452 teneatur
1742 1379 1790 1459 (γ’
1813 1380 1872 1448 de*

223 1479 346 1551 rebant
376 1481 521 1559 Franci,
548 1497 588 1552 ut
617 1479 747 1552 Veneti
775 1479 812 1552 in
839 1479 908 1553 suis
930 1506 992 1552 na·
1102 1477 1177 1553 beer
1203 1501 1268 1551 roto
1293 1498 1426 1576 tempere
1451 1480 1604 1566 ealloaiae
1628 1484 1740 1555 babere
1766 1479 1871 1574 Zipo-

210 1579 326 1680 ‚vibus
353 1577 567 1654 adveherent
607 1603 741 1675 quaram
776 1583 867 1653 mille
892 1594 987 1678 qam-
1101 1607 1170 1651 aem
1212 1580 1333 1678 (idest
1369 1581 1537 1655 tunicam
1567 1610 1587 1657 e
1630 1582 1722 1660 ferro
1748 1594 1872 1659 conte·-

219 1703 330 1778 gemor
358 1682 488 1754 Mslites
515 1680 629 1777 (idest
649 1683 828 1781 Equites)
843 1689 919 1756 bene
936 1711 990 1755 at·
1102 1700 1199 1756 xtam
1219 1686 1260 1780 )‚
1287 1677 1464 1755 Collatiam
1489 1689 1532 1755 de
1552 1686 1665 1776 Jeme,
1704 1684 1872 1781 Capellam

223 1806 346 1871 matos,
373 1782 420 1863 ἰν
440 1782 569 1854 totidem
587 1811 699 1878 equor,
724 1791 768 1856 (J
788 1814 897 1856 novem
917 1788 990 1857 mil·
1097 1785 1251 1874 herram,
1291 1785 1347 1855 vel
1373 1786 1602 1869 Bariaellam,
1645 1786 1719 1874 save
1757 1791 1871 1860 bonam

224 1885 273 1958 lia
299 1883 493 1974 scutiferos,
530 1885 574 1956 O·
599 1886 725 1979 viginti
750 1887 838 1957 mille
864 1889 991 1960 Pedites
1101 1887 1355 1974 Cetvelletiam‚
1382 1894 1545 1978 spatam,
1573 1897 1752 1980 lanceam,
1789 1887 1872 1960 Tal-

223 1989 300 2059 bene
325 2007 481 2069 armatos.
522 1986 565 2060 ln
592 1984 776 2061 Chronico
810 1988 992 2063 Cottufio·
1102 1989 1286 2077 lanariam,
1326 1987 1399 2072 five
1437 1993 1549 2060 bonam
1595 1998 1791 2090 Tergebam,
1828 1988 1873 2057 θ

225 2113 305 2162 rum
333 2088 417 2163 Lib.
441 2113 475 2162 2.
495 2090 584 2187 Cap.
607 2115 639 2162 a..
660 2093 780 2163 Tomo
810 2094 890 2162 llll.
913 2096 990 2165 Rer.
1104 2090 1275 2159 Castellum
1301 2119 1322 2160 a
1343 2089 1465 2178 serite.
1491 2093 1704 2164 Cervelleriae
1731 2087 1872 2163 institu-

223 2189 381 2263 Italicar.
408 2191 559 2280 Scatifm'
586 2188 662 2261 bene
688 2193 782 2263 armis
808 2191 915 2280 fulciti
938 2191 990 2264 di·
1105 2209 1163 2261 tor
1207 2186 1306 2263 fuisse
1351 2188 1504 2264 traditur
1542 2190 1702 2264 Michae'l
1748 2190 1872 2265 Scotu's

224 2309 354 2364 cuntur
382 2289 555 2391 praemissi
584 2293 797 2389 Equitibus‚
825 2311 865 2365 ut
892 2292 990 2366 inve·
1030 2280 1062 2358 C
1105 2289 1256 2363 famulus
1277 2288 1328 2362 sui
1348 2291 1519 2387 temporis
1540 2291 1769 2392 Astrologus.
1796 2296 1873 2366 Du*-

222 2390 392 2466 herentur
418 2394 456 2466 in
477 2393 569 2467 acies
593 2396 900 2468 florentinorum.
929 2400 991 2467 Fe·
1104 2394 1262 2491 Cangius
1290 2392 1329 2464 in
1355 2388 1505 2466 Glolsar.
1529 2394 1652 2470 Latin.
1673 2396 1715 2470 ad
1745 2417 1872 2470 vorem

222 2496 367 2569 rebatur
393 2495 500 2568 etiam
530 2497 573 2568 ab
601 2523 671 2568 uno
698 2498 851 2587 scutifer,
878 2494 991 2570 caesus
1105 2496 1336 2565 Ceroellemam
1381 2492 1494 2569 adfert
1543 2499 1648 2570 verba
1696 2494 1874 2572 Chronici

221 2594 264 2682 in
293 2599 429 2692 proelio
466 2595 672 2670 Mansredus
715 2599 859 2673 Siciliae
890 2603 993 2689 Rex,
1109 2594 1459 2671 Nonantulani'sub
1495 2597 1676 2672 friderico
1705 2601 1750 2675 11.
1793 2603 1872 2671 Au·

222 2697 309 2779 ‚telle
328 2699 487 2788 Johanne
509 2701 673 2775 Villanio
692 2703 776 2775 Lib.
796 2725 831 2797 7.
848 2702 938 2799 Cap.
954 2725 990 2798 9.
1017 2766 1024 2792 ,

225 2798 414 2872 Historiam

280 2903 416 2985 Arma,
443 2902 571 2998 quibus
593 2903 721 2973 Milites
747 2903 993 3002 siveequites,

226 3026 315 3098 quos
343 3000 451 3075 etiam
483 3005 608 3076 Uomiai
633 3001 787 3094 deame,
828 3006 911 3079 irlell
939 3004 993 3077 vi·

1107 2698 1231 2798 gusto,
1270 2697 1338 2770 hoc
1365 2696 1518 2774 estante
1545 2703 1693 2780 Annum
1716 2704 1875 2778 MCCL.

1108 2800 1192 2873 haec
1219 2796 1422 2874 referentis:
1451 2807 1514 2871 Per
1540 2803 1615 2875 bare
1638 2824 1779 2895 tempora
1799 2802 1876 2874 Mi·

1108 2904 1196 2974 cball
1230 2906 1340 2973 Scarus
1372 2903 1588 3000 Allmlogas,
1628 2905 1774 2978 Fedeaici
1808 2909 1876 2976 lm-

1107 3004 1261 3093 peratmis
1283 3004 1461 3089 familiaris
1485 3006 1691 3100 agnoscitur,
1731 3009 1787 3103 qai
1823 3009 1877 3076 ia-

223 3131 282 3180 ros
310 3131 328 3176 a
357 3102 495 3178 summo
516 3107 564 3177 'ad
590 3105 703 3181 imum
728 3125 882 3180 armatos
904 3132 992 3178 nun·
1110 3106 1202 3176 venit
1221 3104 1309 3189 alam
1328 3111 1527 3179 Armatam
1548 3108 1698 3202 Capitis,
1724 3136 1804 3204 qaae
1821 3107 1877 3178 di-

225 3205 428 3297 cupabant,
463 3208 552 3280 olim
581 3207 838 3291 induebantur,
877 3208 995 3282 obiter
1036 3200 1066 3266 D
1109 3208 1191 3278 citur
1217 3208 1464 3280 Cervelltrt'am·
1507 3214 1572 3280 Hic
1601 3236 1697 3307 quam
1721 3207 1876 3306 vidiffet,

91 3317 94 3322 ’
225 3301 414 3399 indicavi.
445 3313 551 3398 Juvat
594 3336 687 3384 nunc
728 3338 768 3383 ea
809 3309 991 3407 sigillatim

227 3433 431 3485 enumerata
458 3411 616 3509 accipere
641 3438 684 3486 ex
715 3415 826 3486 altero
855 3417 995 3486 Statuto

227 3513 458 3603 Reipublicae
478 3512 693 3590 Mutinensis
714 3517 994 3588 AnnoMCCC·

220 3615 404 3691 ‚xxviii
432 3614 470 3683 in
498 3612 713 3683 membranis
739 3631 905 3684 exarato.
944 3611 997 3682 lbi

229 3712 314 3797 Lib.
345 3710 461 3803 primo
500 3712 645 3788 Rubric.
667 3736 726 3806 24
755 3711 839 3784 haec
875 3714 1016 3810 legun.

230 3833 315 3890 tur:
346 3813 497 3908 Quilibet
525 3816 626 3886 Miles
666 3836 831 3894 remearat,
875 3816 919 3885 Θ
945 3820 1000 3885 de-

221 3921 302 4009 ibeat
339 3917 452 3988 habete
490 3916 526 3986 in
567 3915 710 4012 qualibet
749 3918 917 3988 cavalcata
953 3912 1000 3994 (a

229 4019 366 4092 exercita
420 4018 634 4099 Panaetium,
686 4016 757 4101 five
800 4015 1000 4109 Caffettam,

1104 3309 1140 3400 se
1174 3309 1358 3379 morituram
1399 3309 1467 3379 illa
1492 3312 1605 3404 lapilli
1632 3311 1757 3384 blancis
1781 3304 1881 3403 capnt¹

1110 3410 1254 3501 laesuri,
1282 3439 1320 3480 ea
1344 3411 1468 3482 lamiad
1489 3412 1595 3499 sarred
1614 3412 1680 3497 fibi
1701 3412 1779 3501 fieri
1799 3414 1884 3502 serit

1109 3512 1224 3604 eapitis
1274 3511 1433 3600 insulam,
1480 3539 1577 3605 qaam
1622 3513 1768 3606 gellabat
1802 3510 1878 3590 &n

1114 3614 1220 3682 Nunc
1247 3613 1442 3682 monendus
1468 3610 1626 3699 Lesbon
1653 3639 1742 3710 quae
1770 3613 1877 3690 verba

1110 3733 1156 3781 ex
1200 3711 1459 3784 Nonantulano
1498 3712 1685 3788 Chronico
1712 3715 1888 3792 desumsit¹

1113 3810 1371 3910 Du-Can'gius‚
1400 3813 1528 3910 partim
1555 3815 1594 3888 in
1624 3819 1791 3890 Pomario
1813 3812 1889 3891 Ri-⁴

1111 3911 1250 3987 robaldi
1280 3913 1504 3989 Ferraricnsrs
1531 3915 1629 3991 edito
1664 3919 1786 3990 Tomo
1814 3918 1878 3992 lx.

1112 4018 1191 4088 Rer.
1214 4014 1370 4088 italicar.
1403 4017 1542 4117 integra
1560 4036 1653 4092 'vero
1687 4017 1810 4094 baberi
1839 4019 1878 4094 in

232 4118 531 4203 Gamlerias‚stue
548 4119 748 4196 Schinem‘ar,
775 4121 922 4208 collare,
942 4125 1001 4192 Ca·
1036 4139 1065 4207 Ε
1111 4115 1296 4190 Chronico
1325 4117 1504 4192 Francisci
1534 4121 1676 4220 Pippini
1705 4127 1878 4221 evulgato

228 4245 332 4297 toreca
368 4220 466 4305 semi,
502 4219 706 4308 Capellinam
745 4223 800 4290 vel
834 4221 1002 4308 Capellam

226 4327 332 4419 semi,
360 4325 520 4412 Elaeam,
562 4322 605 4394 U
636 4327 812 4407 lanceam,
848 4328 1002 4408 lautam,

232 4426 281 4506 (a
307 4433 442 4523 Spatam
467 4424 537 4509 live
562 4432 778 4515 Spantoaem,
804 4421 852 4503 (θ’
879 4426 1002 4496 Cultel-

232 4530 325 4619 lam,
366 4527 414 4611 ό*
457 4538 569 4601 bonam
610 4529 731 4598 Sellam
757 4533 802 4600 ad
827 4553 938 4622 equam
964 4530 1006 4598 ab

224 4635 329 4725 ‚armis
347 4683 358 4715 ,
401 4630 446 4711 (a
490 4639 601 4703 bonam
627 4629 863 4702 Ciruileriam.
904 4632 1006 4725 Quae

238 4731 317 4806 heic
343 4735 542 4833 appellatur
575 4733 779 4814 Clauileria,
820 4751 1002 4832 tegumen·

235 4853 314 4911 tum
344 4834 489 4908 serrcum
520 4831 649 4930 capitis
676 4832 745 4909 suit
756 4882 767 4915 ‚
796 4861 815 4907 a
842 4835 1005 4909 cerebro,

224 4936 310 5013 sne
350 4937 472 5009 ltaliae
508 4936 662 5014 cunella,
703 4939 834 5009 tuendo
867 4936 917 5006 ita
944 4960 1003 5029 ap·

226 5043 407 5144 pellaeum
421 5092 432 5129 ‚
459 5061 523 5135 pro
550 5033 677 5147 caffide·
692 5033 919 5120 adhibitum,
944 5050 1006 5111 aut

1108 4243 1129 4292 a
1149 4245 1205 4292 me
1228 4218 1264 4292 in
1286 4218 1409 4293 eodem
1429 4223 1551 4297 Tomo
1572 4250 1648 4322 pag.
1669 4226 1756 4319 670.
1771 4245 1878 4319 atque

1114 4320 1201 4393 adeo
1242 4317 1432 4395 verisimile
1474 4322 1625 4411 videri,
1666 4349 1737 4395 non
1779 4323 1878 4399 aliud

1108 4421 1174 4496 else
1201 4422 1498 4499 Nonantulaaum
1525 4423 1615 4496 illud
1640 4423 1875 4518 chronicon,

1108 4522 1172 4594 nist
1218 4521 1493 4621 Pippinianum‚
1540 4526 1638 4623 cujus
1685 4527 1875 4625 antiquum

1107 4622 1280 4697 Codicem
1325 4626 1551 4702 Bibliotheca
1588 4625 1732 4702 Estensrs
1759 4627 1875 4701 adser-

1109 4741 1189 4798 vat.
1215 4728 1426 4815 Repetamus
1444 4727 1652 4805 Mutinense
1673 4736 1875 4823 statutum,

1096 4827 1146 4902 ‘in
1192 4852 1263 4923 quo
1312 4827 1397 4902 haec
1444 4833 1548 4902 verba
1589 4831 1872 4929 subsequuntur:

1106 4934 1185 5004 Item
1220 4931 1305 5023 pand
1347 4932 1458 5001 nallas
1502 4932 1604 5002 Miles
1645 4937 1678 5004 ia
1705 4936 1874 5011 cavalcata

1104 5034 1289 5104 Communis
1314 5033 1468 5107 Matinae
1490 5060 1560 5107 cam
1580 5037 1682 5128 faerit
1706 5060 1796 5112 extra
1813 5040 1873 5114 Ci-

1206 5138 1251 5206 M
1281 5158 1304 5207 2
1360 5134 1364 5141 ⁸
1763 5141 1821 5214 oi·
