4214 6014
378 379 464 454 407

371 467 487 538 Verba
507 461 571 537 illa
591 461 702 557 legisti
715 489 724 534 τ
732 469 801 556 Jus
814 464 982 555 faciendae
1003 468 1079 535 Mo·
1118 464 1152 537 Α

317 566 810 750 annutr'ur

348 694 408 736 sem
466 695 486 735 n
641 695 774 740 navsmu
806 720 816 742 a
1064 711 1080 723 ·

317 786 420 848 cant,
447 768 519 868 jam
548 764 717 864 superiori
748 771 879 852 Anno.
906 796 977 867 quo
1006 769 1079 866 pri·

317 894 416 940 mutn
458 869 590 941 bellum
637 871 775 968 Populo
824 868 1077 948 Mediolanensi

316 968 517 1043 Fridericus
544 970 698 1062 intulit,
723 972 902 1050 decretum
932 972 1078 1072 aliquod

315 1069 504 1151 emersisse,
533 1099 605 1168 quo
634 1077 817 1148 Monetam
847 1076 971 1150 cudere
1000 1079 1078 1148 Me·

316 1172 508 1251 diolanensi
546 1173 641 1250 Urbi
679 1176 908 1254 interdiana
946 1176 1094 1271 suerat.'

316 1278 450 1349 Verum
477 1279 588 1350 Anno
615 1282 848 1356 Mchvlr.
877 1279 1074 1354 reaedifica·

655 343 1087 463 Anrrourr.
1137 342 1380 429 Mnorr
1428 346 1623 432 Arar

1837 357 1892 443 ot

1194 466 1409 537 GvsTvs.
1446 463 1539 560 Quis
1579 491 1624 538 ex
1666 384 1836 543 Henricss
1875 470 1954 544 heic

1193 563 1408 665 designetur,
1436 592 1506 639 non
1541 565 1676 665 liquet.
1718 569 1881 645 Forraffis
1908 573 1955 646 est

1194 667 1349 736 Hrnrirus
1374 667 1554 755 Septimus,
1582 668 1643 763 qui
1670 669 1816 768 dejeslis
1844 676 1954 747 Anno

1193 766 1323 841 Chrisli
1352 769 1560 841 MCCCXI.
1587 771 1800 864 Turrianis,
1838 775 1954 870 impe·

1194 870 1284 944 tium
1324 865 1596 943 Mediolanensts
1633 873 1739 947 Urbis
1776 877 1876 971 plene
1907 874 1955 948 esi

1195 971 1453 1068 consequutus.
1486 972 1551 1045 Sed
1579 968 1683 1046 facile
1709 974 1814 1047 etiarn
1844 976 1955 1074 perti·

1196 1100 1277 1147 nete
1305 1073 1413 1172 potesl
1441 1072 1482 1146 ad
1510 1076 1683 1145 Henrr'rum
1708 1081 1862 1157 Sextum,
1891 1076 1955 1174 qui

1194 1177 1957 1377 Nm'‘sllssfflfftlg'si‘lli

315 1394 356 1447 to
396 1376 632 1468 Mediolano,
668 1408 708 1456 ac
750 1382 933 1456 restauratas
972 1389 1080 1455 Anno
1118 1382 1146 1453 B
1195 1381 1269 1449 tiam
1299 1380 1443 1451 nomine
1470 1378 1671 1452 Mediolani
1699 1378 1880 1460 versatus,
1916 1408 1958 1455 u·

221 1533 225 1546 .
314 1479 602 1555 MCLxxxlss.
630 1509 829 1580 perpacem
850 1482 1079 1559 Conslantiae

313 1577 410 1652 inter
435 1579 654 1658 Ftidericum
680 1588 714 1658 δι
736 1584 989 1662 Lombardicas
1011 1586 1076 1655 Ur·

317 1680 378 1754 bes
417 1684 640 1766 concordii,
680 1687 774 1759 idem
817 1689 869 1781 jus
910 1689 1078 1758 Monetae

316 1778 639 1856 Mediolanenfibus
659 1785 857 1860 restitutum
885 1785 974 1859 fuit.
1003 1786 1077 1858 Ad-

315 1879 385 1955 sert
410 1881 519 1970 etiam
549 1883 759 1959 Purieellius
786 1886 823 1959 in
848 1887 1080 1959 Monument.

316 1979 486 2055 Bafilicae
511 1985 762 2061 Ambrosianae
789 1998 886 2061 num.
909 1993 993 2084 587.
1016 1986 1080 2060 Di·

315 2085 438 2184 ploma
465 2084 638 2160 Frideriei
666 2088 841 2184 ejusdem,
868 2091 1081 2164 confirman-

314 2184 366 2260 tia
386 2188 497 2259 Anno
515 2190 780 2265 Mchxxv.
799 2194 943 2289 Regalia
961 2190 1082 2265 omnia

1194 1477 1247 1551 sus
1261 1477 1307 1550 esl
1326 1479 1436 1551 titulo
1456 1482 1552 1551 SEM
1559 1482 1648 1552 PER
1669 1480 1957 1558 AVGVSTVS.

1193 1581 1379 1653 Falluntur
1413 1578 1533 1669 enim,
1567 1579 1631 1678 qui
1667 1577 1774 1653 serius
1811 1580 1954 1681 usurpa·

1194 1701 1269 1753 tum
1299 1681 1393 1753 hunc
1419 1680 1568 1754 titulum
1595 1681 1765 1754 tradunt.
1802 1684 1866 1755 Sed
1894 1711 1959 1757 cur

1194 1785 1291 1854 nulla
1318 1781 1371 1855 ibi
1408 1781 1546 1856 rneutio
1579 1781 1777 1872 Civitatis,
1812 1782 1851 1856 in
1887 1810 1958 1882 qua

1195 1888 1372 1957 Nummus
1415 1884 1586 1980 perculsus
1626 1883 1725 1965 suit,
1764 1902 1955 1974 occurrat,

1194 1985 1323 2083 assequi
1366 1984 1533 2058 hasienus
1568 2012 1640 2059 non
1682 1986 1808 2085 potui.
1849 1986 1958 2060 Licet

1147 2140 1149 2144 -
1194 2107 1312 2162 autem
1335 2086 1556 2182 conjeslurae
1575 2086 1707 2168 adsint,
1733 2087 1860 2183 quibus
1882 2075 1958 2162 cre-

1194 2188 1297 2260 datur
1322 2215 1365 2262 ex
1394 2191 1596 2263 Monetarid
1622 2185 1874 2263 Mediolanensi
1900 2185 1960 2260 of·

315 2286 549 2388 Reipublicae
568 2288 852 2383 Mediolanensi,
880 2295 976 2369 inter
994 2321 1082 2393 quae
1121 2280 1155 2357 C
1195 2287 1302 2363 licini
1342 2293 1442 2364 culus
1477 2291 1507 2364 is
1548 2296 1724 2365 Nummus
1766 2289 1960 2389 prodiisse»

315 2389 371 2491 jus
393 2390 570 2466 cudendae
589 2395 757 2490 pecuniae
777 2396 997 2470 adnumerari
1019 2423 1081 2469 no·

314 2491 460 2565 vimus.
488 2495 541 2566 At
580 2493 772 2593 susceptam
809 2497 876 2571 Rei
907 2503 1080 2573 Numnaa·

314 2592 390 2667 riae
416 2591 539 2669 seriem
569 2595 835 2695 persequamur.

365 2695 609 2770 Duodecimus
651 2704 829 2774 Nummus
869 2720 1078 2794 argenteus,

314 2822 438 2894 patum
466 2823 485 2867 a
512 2799 733 2889 praecedenti
769 2798 970 2885 diffinitis,
1008 2801 1076 2870 Bo-
1132 2857 1147 2862 -«

315 2895 449 2967 nooiae
495 2893 697 2970 adservatur
747 2898 792 2972 ab
836 2898 954 2974 amico
998 2898 1078 2972 uiro

312 2997 447 3086 joanne
495 2996 648 3094 Baptisla
695 3000 909 3085 Biancono‚
956 3001 1078 3077 Priore

312 3094 565 3178 Mastarense,
585 3097 622 3173 lit
645 3101 846 3173 Literarum
864 3106 1077 3175 Graecarum

233 3279 238 3293 ι
313 3198 353 3272 in
381 3198 575 3271 Academid
612 3199 821 3274 Bononiensi
861 3200 1076 3275 Professore.

314 3298 359 3374 ln
395 3299 471 3398 ejus
507 3299 624 3374 antica
651 3299 776 3376 vistur
809 3303 894 3375 haec
930 3303 1078 3402 Epigra-

313 3398 382 3502 phe
414 3403 725 3478 FREDERICV5
762 3406 787 3476 l.
825 3409 861 3477 P.
892 3409 933 3478 R.
961 3409 1006 3479 Τ.
1036 3407 1076 3480 ln

313 3503 443 3601 pollina
474 3506 592 3576 Avo.
622 3508 965 3582 MEDlOLANlV.
994 3504 1078 3603 idel}

312 3608 501 3676 Frederirus
538 3610 712 3697 imperaror
742 3610 912 3704 Augustas
947 3612 1076 3680 Medio·

312 3706 457 3778 leniam.
496 3705 553 3778 Ad
579 3710 741 3784 eumdem
772 3709 962 3810 Augustum
1002 3711 1076 3796 spe·

312 3803 387 3880 slat
412 3808 504 3881 alter
530 3811 707 3886 Nummus
735 3812 772 3885 in
794 3812 920 3886 Museo
939 3809 1075 3898 Chiap-

280 3976 286 3980 ,
312 3907 417 4006 pinio
443 3909 664 3996 adservatae,
690 3941 795 4010 quem
821 3915 864 3985 ad
893 3939 1075 3986 numerum

314 4013 397 4080 xli.
425 4013 466 4079 E.
493 4011 688 4105 proferam.
724 4013 766 4084 ln
794 4013 910 4081 antica
948 4013 1079 4107 legitur

313 4105 400 4179 naec
427 4109 627 4202 epigraphe
651 4114 889 4182 Fneoertcus
910 4112 966 4180 rr.
992 4115 1075 4181 nv·
1126 4096 1155 4164 Ε

313 4212 445 4283 GVST
449 4213 530 4281 VS.
569 4213 609 4282 ln
636 4209 765 4300 pollice
792 4206 895 4286 Crux
923 4235 1003 4285 cum
1031 4212 1076 4287 li·

312 4313 400 4387 teris
426 4313 808 4388 MEDIOLANVM.

366 4415 555 4488 Decimum
594 4415 738 4490 tertium
786 4420 982 4490 Nummum
1020 4441 1077 4489 ac·

314 4537 457 4612 ceptum
485 4515 599 4591 resero
636 4517 769 4607 saepius
805 4517 896 4591 milti
934 4517 1078 4591 laudato

314 4615 462 4694 Clariss.
484 4620 574 4692 Viro
595 4623 637 4691 D.
659 4617 804 4716 Gaspari
831 4622 973 4693 Beretto
993 4623 1077 4694 Mo·

315 4721 430 4793 naclto
467 4720 726 4795 Benedislino.
765 4721 816 4794 lbi
860 4720 1109 4822 conspicitur.

317 4825 452 4916 Aquila
480 4823 680 4898 lmnerialis
706 4850 786 4897 rum
816 4825 931 4897 literis
950 4827 987 4897 in
1009 4825 1078 4897 cir·
1107 4880 1110 4915 ,

317 4926 436 4995 cuttu:
467 4930 722 5000 nanninus
750 4932 863 4999 aar.
896 4927 933 5000 r.
962 4925 1077 4998 ...aa
1106 4933 1110 4997 ι

319 5037 416 5116 parte
433 5029 556 5122 crux,
573 5032 609 5102 n
631 5029 754 5104 ntem.
773 5033 967 5103 sennan
988 5031 1078 5102 Av-
1105 5004 1110 5057 ⁸

1195 2417 1251 2466 me
1277 2410 1395 2465 tamen
1432 2393 1556 2465 vadem
1588 2393 1752 2489 cuiquam
1790 2390 1958 2488 praeliare

1196 2496 1307 2583 nolo,
1346 2492 1546 2567 Mediolani
1589 2495 1734 2588 potilrs,
1774 2494 1879 2587 quim
1916 2492 1958 2566 in

1195 2595 1314 2690 aliqua
1342 2596 1411 2670 alia
1446 2596 1610 2671 Ciuitate
1644 2595 1839 2694 percussum
1874 2617 1959 2667 eum

1195 2695 1317 2768 fuisse.

1247 2792 1434 2867 Decimum
1461 2813 1624 2892 quartum
1664 2799 1861 2869 Nummum
1890 2797 1960 2869 Pa-

1195 2895 1287 2969 tauii
1308 2893 1455 2994 poffidet
1473 2897 1531 2970 vir
1550 2888 1682 2970 nobilia
1701 2902 1832 2972 Comes
1851 2900 1959 2986 Joan·

1195 3023 1255 3070 nes
1290 2999 1332 3070 de
1369 3002 1534 3080 Laaara,
1569 2998 1611 3072 ad
1649 3026 1705 3072 me
1741 2998 1881 3073 missum
1912 2999 1960 3070 ab

1195 3097 1444 3171 humaniffimo
1470 3125 1511 3172 ac
1536 3099 1678 3172 erudito
1706 3099 1785 3173 viro
1815 3101 1959 3171 Adamo

1126 3198 1158 3264 D
1199 3201 1326 3270 Pirato
1377 3202 1499 3270 Sacrae
1547 3199 1769 3296 Theologiae
1821 3197 1960 3270 Doslo·

1195 3324 1262 3370 re.
1300 3296 1457 3373 Circiter
1485 3301 1631 3374 Annum
1659 3297 1791 3374 Christi
1828 3302 1961 3374 MCC·

1195 3403 1274 3474 Lx.
1309 3420 1457 3474 vacante
1492 3400 1649 3493 Imperio
1684 3400 1783 3474 cusos
1821 3427 1840 3474 a
1876 3404 1960 3473 Me·

1195 3499 1386 3574 diolanenst
1416 3503 1610 3601 Republica
1633 3501 1794 3576 videtur.
1822 3500 1877 3575 Ibi
1905 3498 1959 3575 es-

1196 3601 1297 3703 sigies
1332 3603 1449 3677 saneti
1482 3604 1658 3678 Ambrosii
1694 3602 1850 3678 cernitur
1875 3627 1957 3676 cum

1196 3705 1311 3778 literis
1348 3709 1379 3777 S.
1418 3708 1717 3780 ANBROSIVS.
1758 3704 1799 3778 ln
1839 3701 1959 3778 aversa

1162 3787 1294 3908 'parte
1319 3803 1420 3879 Crux
1450 3833 1565 3879 aream
1601 3806 1730 3892 implet
1765 3832 1843 3880 cum
1881 3804 1960 3895 epi·

1196 3905 1325 4005 grapho
1365 3907 1760 3982 MEDIOLANVM.
1802 3906 1877 3981 Poll
1917 3932 1958 3981 ea

1196 4023 1355 4099 tempora
1397 4007 1653 4081 Mediolanensr
1694 4009 1731 4082 in
1779 4012 1875 4082 Urbe
1914 4007 1959 4081 ad

1197 4103 1388 4198 primatum
1416 4107 1537 4183 evesia
1565 4109 1611 4185 esi
1645 4111 1870 4185 celeberrima
1898 4109 1958 4177 Vi-

1195 4209 1369 4278 examitum
1414 4211 1596 4286 Familia.
1642 4215 1773 4289 Nullos
1801 4208 1957 4294 fortasse

1198 4312 1373 4384 Nummos
1414 4297 1838 4411 Matthaeus‘Mag'mra,
1876 4309 1958 4405 eiu·

1196 4408 1278 4507 sque
1308 4411 1402 4487 silius
1429 4415 1612 4488 Galeatius
1639 4412 1847 4499 vicecomes
1876 4437 1973 4507 per··

1196 4512 1349 4600 suffere,
1386 4514 1440 4590 sed
1468 4516 1609 4614 quidem
1644 4509 1801 4587 Galeatii
1839 4515 1957 4610 proles

1194 4621 1274 4707 Ara
1301 4617 1497 4690 Mediolani
1523 4612 1724 4699 Dominus,
1751 4614 1809 4689 cui
1837 4615 1880 4687 ab
1901 4619 1957 4690 A·
2081 4608 2091 4625 '

1193 4743 1284 4789 zone
1319 4717 1528 4792 Marrhione
1560 4715 1686 4794 Estenli
1713 4721 1799 4792 Avo
1826 4737 1956 4792 mater·

1195 4843 1242 4888 no
1269 4845 1399 4893 nomen
1427 4818 1597 4896 advenit.

1247 4922 1414 4996 Decimus
1449 4922 1614 5021 quinslus
1650 4927 1850 5003 Nummus.
1886 4919 1958 4992 eir·

1194 5018 1284 5094 citer
1321 5025 1470 5097 Annum
1515 5024 1646 5101 Christi
1693 5026 1957 5101 mccxxx.

1825 5149 1905 5224 Pes·
