4214 6014
303 359 384 473 183
605 357 1023 478 ANTIQUIT.
1068 356 1310 445 MEDII
1347 354 1527 443 ΑΕΗ
1742 357 1832 471 ’184

234 472 354 547 eidem
383 474 597 552 Gern'ianicd
623 505 712 552 voce
739 477 837 554 suum
867 479 1009 575 Mangle
1040 479 1089 552 A·
1113 473 1169 551 ita
1205 475 1243 550 in
1271 471 1451 548 obsidione
1478 469 1652 547 Tortosae
1685 477 1794 547 Anno
1823 477 1886 550 Μ-

233 572 481 668 deduxerunt,
506 581 604 678 cujus
629 579 842 681 significatio
866 580 913 657 est
938 608 1008 654 rae·

232 678 328 761 aare,
354 681 511 764 lacerare,
541 685 732 767 vulnerare,
762 685 933 766 mutilare,
965 681 1008 755 ii·

234 781 384 880 mulqur
412 803 452 859 ut
483 783 569 860 Itali
606 786 709 885 ajunt
735 787 910 885 stmpiam.
947 785 1008 859 In·

234 882 405 959 credibile
435 893 518 962 verb
544 887 643 962 disiu
671 887 738 980 est,
765 889 890 989 quanti
919 915 1007 988 pon·

230 981 327 1059 deris
362 988 497 1087 lapides
535 1018 594 1090 per
631 995 845 1090 Margana,
888 995 1007 1064 Petre-

230 1085 335 1170 rias,
375 1089 532 1192 aliasque
571 1092 744 1191 ejusmodi
786 1092 1007 1175 Machina,

231 1190 496 1290 projicerentur
522 1194 560 1268 in
588 1194 721 1278 hostes,
751 1214 857 1293 atque
883 1196 922 1270 in
949 1223 1007 1269 ac-

1113 580 1320 654 chvm.
1365 598 1406 651 ut
1449 576 1554 650 habet
1594 571 1759 652 Cassarus
1799 579 1887 654 Lib:
1943 667 1954 674 p

1113 683 1219 781 prim.
1238 682 1371 755 Annas.
1387 678 1560 753 Genuens.
1578 681 1699 752 Tomo
1717 683 1769 751 v1
1806 683 1889 756 Rer.

1114 784 1270 858 Italicar.
1296 807 1404 881 quum
1434 781 1595 855 Saraceni
1622 782 1659 855 in
1686 780 1883 884 Callellum

1113 887 1271 988 ligneum
1306 882 1590 960 Christianorum
1624 907 1731 980 pamas
1765 889 1885 955 daren-

1114 1009 1220 1062 tarum
1256 991 1427 1062 Librarum
1462 987 1610 1079 ponderis
1646 987 1888 1085 projicerent,

1116 1092 1316 1166 Genuenses
1354 1091 1422 1163 hoc
1449 1090 1509 1161 aira
1538 1090 1807 1168 emendaverunt,
1834 1105 1891 1160 at·

1114 1222 1173 1290 que
1200 1199 1281 1266 retia
1310 1196 1493 1265 chordarum
1525 1190 1621 1283 juxta
1654 1191 1793 1287 pariete:
1818 1193 1889 1262 Ct-

229 1289 317 1366 des.
352 1293 537 1369 Interdum
566 1301 624 1371 vel
660 1298 754 1397 ipsae
781 1302 912 1373 Turres
946 1295 1005 1371 lir-
1108 1295 1202 1382 liella'
1237 1317 1333 1367 rama
1365 1294 1561 1390 posueram,
1597 1301 1680 1389 quod
1712 1291 1794 1364 mas
1828 1315 1888 1388 pe·

233 1392 390 1487 rariores,
429 1396 559 1472 nedum
579 1422 715 1474 ‘earum
753 1400 847 1475 tesia
880 1427 920 1475 ar
955 1419 1006 1475 ta·
1043 1397 1072 1468 B
1116 1420 1237 1469 :aarum
1264 1405 1487 1468 Saracenorum
1522 1396 1611 1468 nullo
1646 1396 1736 1465 modo
1772 1395 1889 1465 rimae·

232 1493 391 1579 bulara.
431 1501 475 1573 ab
515 1500 562 1576 iis
600 1502 925 1593 concutiebantur,
967 1497 1005 1575 &

229 1595 377 1673 obseliis
413 1601 631 1698 eripiebatur
656 1604 727 1679 sere
753 1603 872 1677 omnis
908 1606 1007 1675 locus

230 1700 395 1797 quictis.
432 1705 541 1798 Quod
578 1732 693 1793 nunc,
731 1705 858 1805 majori
888 1723 1006 1777 tamen

231 1799 389 1877 successu
417 1810 557 1877 Bombae
592 1824 785 1906 peragunt,
821 1805 911 1880 olim
948 1833 1008 1907 per

228 1904 418 2006 Mangana
455 1909 682 1982 tentabatur.
719 1913 845 2005 Neque
881 1907 1005 1984 retice-

229 2005 306 2093 bo,
344 2007 431 2103 quid
468 2007 656 2085 hominum
695 2009 862 2086 industria
898 2016 1008 2086 Anno

1113 1521 1207 1573 rum.
1234 1501 1339 1572 Tunc
1366 1496 1474 1571 etiam
1501 1496 1540 1568 in
1566 1495 1780 1570 Urbium&
1809 1491 1887 1572 Ca·

1112 1600 1255 1675 lirorum
1318 1599 1642 1700 oppugnationibus
1701 1597 1887 1698 usurpatae

1114 1701 1192 1777 sunt
1218 1704 1355 1784 Vineae,
1377 1702 1433 1777 seu
1454 1709 1566 1773 Crater
1587 1700 1801 1798 multiplicis
1825 1727 1888 1802 ge-

1114 1805 1229 1888 neris,
1254 1833 1338 1903 quas
1359 1806 1455 1876 Garri
1475 1805 1630 1904 vulgaris
1651 1804 1794 1905 Lingua
1818 1829 1883 1906 ap-

1117 1907 1292 2004 pellavit,
1320 1906 1451 1982 Latina
1479 1934 1564 1981 vcro
1592 1908 1736 1981 barbara
1763 1913 1887 1991 Garat,

1114 2017 1254 2103 Ganos,
1291 2017 1431 2084 Cattos:
1466 2009 1528 2084 sub
1563 2011 1691 2108 quibus
1728 2010 1882 2083 latentes

73 2205 81 2213 ι
226 2109 455 2185 Mcxvffl.
489 2112 532 2185 ad
568 2112 826 2188 lithobolarum
866 2112 1004 2186 Machi-

89 4295 91 4299 <
233 4244 292 4325 sce
319 4241 470 4321 versibus
497 4239 652 4318 edisces:

1116 2111 1250 2187 milites
1278 2112 1318 2186 ad
1348 2111 1585 2186 suffodiendos
1612 2137 1757 2192 muros,
1795 2106 1887 2184 alia·

226 2236 359 2286 ararum
390 2215 464 2288 vim
491 2214 612 2315 aliqua
636 2216 775 2291 ratione
799 2214 1006 2292 eludendam
1114 2216 1245 2311 quein
1273 2214 1402 2290 bollem
1433 2219 1599 2290 tentanda
1629 2211 1885 2304 procedebant.

226 2329 299 2390 eut
335 2313 586 2390 infirmandam
623 2320 867 2420 excogitarit3
913 2319 1007 2392 scili·
1044 2320 1077 2392 C
1115 2317 1345 2389 vocabularii
1384 2315 1553 2390 Cruscani
1591 2314 1766 2388 Audiores
1800 2319 1885 2388 Cat·

227 2432 293 2489 <et
322 2420 412 2490 Rete
447 2445 466 2491 e
503 2417 673 2510 funibus,
704 2448 776 2520 quo
812 2420 946 2518 lapides
973 2447 1008 2493 c·
1115 2441 1182 2489 :um
1218 2415 1429 2492 deliniunt:
1472 2419 1658 2506 lstmmmm
1694 2415 1805 2487 bellico
1840 2416 1888 2489 da

226 2518 401 2593 *volantes
442 2518 723 2619 exciperentur,
767 2541 848 2596 ante
888 2524 1008 2595 locum
1112 2541 1269 2618 percunte:
1293 2523 1469 2617 muragliar,
1506 2521 1534 2590 ii
1559 2521 1652 2613 quale
1685 2519 1729 2591 ba
1754 2517 1783 2588 ii
1811 2539 1889 2614 rapo

224 2618 445 2717 impetitum
468 2625 762 2722 protendebatur.
784 2623 1010 2724 Pandulphus
1116 2625 1149 2692 in
1180 2624 1285 2711 forma
1311 2624 1348 2692 di
1378 2644 1494 2715 garta.
1532 2622 1651 2690 Lara'm
1675 2619 1798 2700 araas,
1834 2641 1886 2688 re·

226 2721 385 2809 „Pisanus
422 2724 458 2796 in
494 2725 584 2797 Vita
621 2723 749 2797 Gelafii
789 2724 836 2796 ll.
874 2729 1009 2896 Papae,
1112 2722 1220 2808 liade.
1241 2726 1389 2794 Errant.
1415 2720 1564 2795 Bernius
1582 2717 1656 2820 ipse
1676 2719 1722 2792 ab
1740 2717 1792 2793 iis
1806 2720 1888 2797 lau·

223 2823 333 2898 edita
359 2827 480 2900 Tomo
507 2828 574 2899 Ill.
615 2830 695 2899 Rer.
731 2824 889 2900 italicar.
952 2849 1009 2897 aec
1114 2824 1216 2898 datus
1243 2822 1393 2898 scribit:
1716 2826 1727 2859 ‘

220 2922 389 3000 -scribitr
428 2929 570 3002 Faciam
598 2950 707 3002 centra
734 2926 920 3018 machinas,
954 2929 1007 2999 vi-

227 3055 332 3112 neas,
360 3027 522 3117 basilias,
550 3031 595 3101 Θ·
619 3058 731 3104 arcus.
767 3035 848 3102 inde
871 3032 1010 3128 primlam

226 3135 321 3203 Rara
357 3153 465 3203 cantra
503 3133 670 3204 Perrarias
705 3135 750 3204 ad
783 3139 902 3203 Turres
935 3153 1007 3227 ape—

222 3230 369 3309 ,.a.·aaaas
395 3235 437 3301 ab
472 3230 574 3317 alium
608 3231 666 3302 illo
692 3238 845 3325 Tyranno
877 3233 1010 3330 (Hm-
1048 3233 1083 3302 D
1116 3237 1169 3308 En
1198 3238 1345 3317 Crates,
1372 3263 1413 3310 en
1441 3236 1573 3312 Vincas
1601 3255 1782 3313 veteram.
1812 3237 1920 3323 lio·¹

224 3328 313 3405 sico
348 3333 491 3427 Quarto
533 3328 629 3408 inter
664 3334 875 3435 Augustos,
916 3335 1011 3409 inter
1117 3339 1281 3414 landinus
1318 3341 1398 3414 Lib.
1431 3350 1463 3416 8.
1494 3344 1583 3436 Cap
1619 3364 1674 3439 ¹3·
1712 3334 1886 3432 Cbronie.

226 3435 349 3536 Reges
376 3433 570 3536 Quindio)
609 3437 643 3509 in
669 3440 822 3510 damnum
854 3439 1009 3536 plurima-
1116 3441 1316 3533 ..sedifiriam
1354 3450 1513 3538 quoddam
1546 3443 1765 3524 canaram,
1805 3440 1889 3538 qaod

226 3562 327 3621 eum,
355 3540 400 3611 Θ·
422 3535 597 3636 proficuum
626 3540 737 3611 multis
758 3541 930 3639 ingenium
956 3571 1009 3613 ear·
1115 3546 1216 3637 valqa
1244 3548 1344 3622 Vinea
1372 3548 1512 3629 dicitur,
1542 3546 1620 3634 idest
1644 3553 1789 3620 Gattas.
1826 3543 1888 3615 in·

222 3639 388 3734 quistione
414 3644 582 3714 inventam
608 3641 672 3731 eli.
709 3645 808 3739 Quid
846 3645 1008 3720 Saraceni
1116 3645 1166 3720 ira
1196 3647 1320 3724 addit:
1350 3650 1407 3743 qui
1426 3653 1489 3741 jab
1515 3655 1618 3721 Gartr
1641 3670 1751 3723 eram.
1787 3647 1887 3719 Dan·

227 3739 418 3825 Ebusani,
454 3743 537 3820 teste
574 3747 771 3821 Laurentio
814 3747 1009 3828 Vernensr,
1115 3750 1219 3823 dulus
1254 3777 1396 3845 quoque
1433 3749 1556 3824 scribit
1582 3779 1652 3822 cam
1677 3759 1776 3823 Garra
1803 3749 1887 3842 sap·

229 3840 306 3920 slve
334 3844 547 3937 Veronensi,
585 3849 669 3925 Lib.
696 3875 732 3945 4.
761 3849 855 3922 Belli
884 3851 1005 3922 Balea·
1112 3852 1247 3941 politum
1271 3850 1362 3937 suiffe
1385 3853 1489 3935 ignem
1512 3859 1623 3924 parrae
1642 3853 1796 3926 Altinati
1821 3854 1886 3923 Ρι-

220 3944 300 4021 eie.
338 3950 502 4022 meditati
539 3947 606 4021 lint
643 3951 685 4020 ad
721 3949 912 4019 eludendos
950 3950 1007 4020 in·
1115 3945 1403 4022 ravimcoarufil
1426 3948 1462 4021 in
1486 3951 1617 4026 Hislor.
1640 3957 1722 4032 Lib.
1738 3979 1774 4055 7.
1792 3950 1886 4052 Cap.

220 4062 357 4145 agentes
394 4047 575 4132 lapidera
611 4042 746 4111 Pisanis
784 4064 844 4133 per
871 4045 1007 4118 maelti-
1113 4072 1151 4147 7.
1177 4049 1369 4146 inquiunt:
1408 4056 1515 4126 Fiam
1543 4060 1681 4150 Vmeae,
1702 4060 1776 4144 five
1801 4063 1886 4130 Gar·

231 4170 298 4220 nas
327 4141 502 4244 projedios
531 4144 639 4214 Anno
666 4140 845 4214 MCXIV.
874 4167 919 4217 ex
948 4144 1007 4220 bi·
1048 4141 1079 4212 Ε
1113 4151 1169 4234 ri,
1203 4175 1340 4248 pomer,
1376 4151 1424 4235 ὠ»
1462 4158 1559 4230 (calae
1594 4159 1669 4240 ὡς,
1706 4165 1758 4234 lta
1798 4161 1886 4232 Bar-

1114 4248 1339 4333 tholomaeus
1375 4260 1417 4331 de
1458 4262 1645 4334 Neocadro
1683 4263 1721 4334 in
1762 4256 1887 4330 Histo-

1114 4356 1167 4432 ria
1202 4361 1317 4439 Sicula
1352 4370 1488 4436 canam
1525 4359 1673 4429 eximiam
1705 4386 1745 4429 era
1778 4362 1885 4431 mabi-

1113 4460 1174 4536 bus
1200 4487 1394 4541 mensorat.
1420 4461 1638 4536 Guilielmus
1665 4459 1769 4537 Brito
1794 4463 1883 4543 Lib.

1111 4589 1148 4666 7.
1177 4569 1332 4667 Philipp.

1167 3031 1263 3104 cam·
1287 3027 1394 3126 affari
1416 3031 1456 3104 ala·
1479 3028 1593 3104 vinrbi
1616 3057 1634 3101 e
1656 3027 1696 3103 ab·
1719 3028 1837 3128 segne}

284 4449 472 4574 Protegitur
491 4475 599 4524 maras
620 4450 764 4550 pannis,
789 4452 926 4555 latisque
950 4476 1005 4531 ta·

285 4663 336 4734 Et
351 4576 614 4733 rddidiabmra
622 4658 679 4754 sui
693 4660 872 4738 munimina
884 4661 983 4752 veliet
991 4712 1004 4746 ,

284 4764 466 4862 fulcraque
480 4764 615 4838 collatae
627 4763 770 4856 luserant
780 4767 908 4864 saepius
921 4763 1005 4838 isius

286 4867 416 4952 Malia,
452 4867 497 4940 (9·
531 4865 692 4968 appositae
723 4891 870 4947 temtum
903 4890 1004 4944 cetera

389 4990 510 5050 filma
604 5037 607 5042 .

1162 4773 1237 4844 Hae
1264 4769 1393 4944 {apiaria}
1420 4793 1544 4870 reptare
1569 4782 1709 4864 Caram,
1743 4779 1881 4880 telisque

1279 4901 1299 4943 ss
1350 4906 1359 4943 s
1389 4907 1406 4946 θ

1160 4974 1348 5078 Saffadiam
1371 5004 1495 5060 maram
1519 5029 1709 5054 ·····
1719 4934 1722 4941 ¹

1609 5192 1821 5278 ·--1r.a
