4214 6014
333 347 336 351 ’
396 375 479 462 275
689 344 1100 464 aurinum.
1146 346 1385 441 uuurr
1435 349 1618 438 Aaou

1815 360 1920 466 -ayd

334 462 496 552 struant,
523 460 656 537 Veneti
691 461 807 539 luere.
844 468 897 537 En
936 464 1023 563 quid
1058 464 1573 546 communiscomnunis
1609 464 1701 542 olim
1738 463 1810 542 fuit
1847 491 1977 543 nomen

332 563 431 643 illis,
458 590 651 663 eorumque
678 563 859 657 splendida
885 568 1004 658 Urbe,
1032 566 1101 641 cir·

331 665 424 740 citer
450 668 597 739 Annum
633 669 758 742 Mite.
796 665 973 765 scripserit
1010 668 1101 743 Gui-

329 765 475 840 lielmus
503 770 643 866 Apulus
680 767 718 840 in
747 770 905 843 Po'e’mat.
933 768 976 843 de
1004 773 1100 844 Nor·

329 892 424 942 man.
454 868 537 944 Lib.
564 896 599 964 4.
627 872 749 942 Tomo
768 874 812 940 V.
837 874 916 944 Rec.
944 868 1101 946 ltalicac.

381 1077 456 1145 Nou
483 1073 600 1244 iguqora
635 1070 761 1170 quidem
787 1073 866 1145 belli
892 1073 1026 1147 navalis
1052 1072 1100 1154 &¹

486 1202 528 1246 au
551 1204 593 1245 aa

1205 570 1332 657 Coeba,
1367 572 1486 654 Cocca,
1522 568 1622 668 cujus
1659 567 1761 643 vocis
1798 567 1980 669 significa·

1206 667 1344 745 tionem
1386 667 1538 743 minime
1574 668 1773 768 affequutua
1807 672 1857 745 eli
1900 674 1980 745 Du-

1205 767 1368 872 Congius
1402 769 1442 843 in
1477 769 1627 844 Glollar.
1663 771 1820 855 Latino,
1859 771 1978 846 immo

1204 898 1284 946 eam
1319 871 1510 969 depravate
1545 870 1649 946 nobis
1686 871 1876 952 exhibuit.
1912 877 1977 946 In·

1206 973 1289 1070 quit
1314 973 1434 1047 enim:
1472 973 1601 1045 Concha
1635 975 1766 1069 nauigii
1794 975 1975 1064 speciosior

1206 1075 1351 1147 Corehae
1381 1075 1518 1165 sormam
1543 1070 1680 1167 effiiia,
1715 1095 1753 1145 ur
1780 1076 1862 1167 suut
1885 1082 1976 1149 Go'rr·

1205 1176 1298 1249 delae
1324 1177 1510 1250 Veneticae.
1540 1179 1624 1250 Non
1652 1177 1808 1266 Concha,
1835 1175 1893 1249 led
1911 1183 1976 1249 Ce-

379 1281 466 1346 Geus
492 1299 561 1346 erac
587 1277 690 1348 haee:
727 1277 820 1360 illam
855 1277 1011 1373 Populofa
1039 1282 1100 1348 Ve-
1205 1277 1263 1348 cha
1289 1275 1509 1352 scribendum
1546 1274 1643 1375 fuit;
1682 1274 1722 1350 ἃ
1757 1278 1877 1350 Corhae
1902 1301 1976 1351 non

488 1378 575 1446 neria
605 1377 691 1464 milit

382 1477 514 1567 imperii
539 1502 648 1573 prece,
674 1481 768 1554 dives
793 1502 914 1572 opum,
948 1479 1100 1576 divesque

486 1605 652 1662 virorum,

382 1685 461 1774 Qua
483 1679 572 1764 stu'ur
598 1683 758 1755 Adriatic
784 1681 946 1752 interlitus
965 1681 1098 1753 ultimus

486 1782 584 1850 undio

384 1875 536 1984 subjacet
560 1878 724 1957 Ardere.
750 1890 836 1954 Sunt
862 1882 958 1978 hujus
977 1884 1099 1955 moenia

483 1983 592 2077 gentis

235 2091 242 2111 ⁶
380 2081 598 2179 circumsepta
636 2085 718 2157 mari
732 2113 754 2175 ,·
793 2104 850 2159 nec
884 2089 927 2160 ab
965 2086 1097 2160 aedibus

485 2186 568 2258 alter
592 2188 641 2266 nd⁴
662 2194 754 2260 aedes

1135 1372 1165 1445 B
1206 1375 1300 1451 inter
1336 1376 1491 1451 minutas
1527 1379 1698 1470 cymbas,
1736 1380 1859 1478 quales
1895 1378 1977 1454 sunt

1205 1480 1392 1560 Gaudolae,
1418 1475 1475 1551 sed
1502 1476 1597 1551 inter
1619 1478 1766 1576 majoris
1791 1479 1975 1580 magnitu-

1204 1576 1299 1653 dinis
1335 1603 1442 1652 navec
1480 1578 1738 1676 computandae
1773 1599 1899 1654 erant.
1930 1578 1976 1655 ln

1205 1679 1362 1781 Epistola
1382 1686 1492 1753 Anno
1511 1681 1795 1755 Mcccxxvt.
1823 1679 1976 1779 lcripta‚

1205 1808 1314 1882 quam
1339 1780 1435 1856 idem
1465 1780 1700 1880 Du·Cangius
1727 1780 1870 1863 laudat,
1897 1806 1975 1858 me·

1207 1902 1366 1960 moratur
1405 1887 1559 1978 quaedam
1595 1885 1694 1954 navis
1727 1882 1785 1975 serr
1819 1885 1945 1957 Concha
1953 1909 1977 1972 ,⁸

1207 1986 1241 2060 δι
1278 1981 1476 2060 Caresrnius
1511 1984 1550 2057 in
1588 1982 1720 2067 Hillor,
1756 1988 1893 2058 Veneta
1929 1982 1975 2059 ad

1208 2090 1356 2162 Annum
1405 2087 1759 2161 Mechxxvm.
1808 2084 1874 2159 lcri
1901 2083 1974 2162 filie

1207 2188 1342 2263 dicitur
1365 2187 1531 2277 delliuatr'o
1557 2189 1797 2284 quampluribus
1825 2193 1857 2260 U
1878 2187 1976 2271 eriis.

382 2288 535 2361 Alterius
566 2287 706 2387 transtra
741 2289 866 2382 peresi,
901 2289 964 2362 rrr'r
999 2291 1098 2363 lintre
1129 2270 1166 2352 C
1202 2289 1259 2381 seu
1284 2289 1396 2363 Galer’r
1416 2291 1550 2388 graffio,
1575 2289 1732 2371 creabis,
1758 2290 1894 2385 alilique
1912 2316 1976 2362 rra-

485 2391 642 2464 vehatur.

384 2495 513 2586 Smper
544 2491 638 2586 aquis
671 2491 848 2566 habitant.
884 2498 970 2564 Gens
1005 2494 1098 2565 uuila

485 2592 648 2664 valentior
680 2593 741 2680 ilii

385 2693 563 2788 esequorer'r
598 2695 718 2783 hellis,
754 2694 931 2789 ratiumque
962 2715 1019 2789 prr
1042 2723 1127 2781 ae·,

489 2816 587 2887 quara
611 2793 728 2865 auno.

335 2996 464 3091 Neque
489 3020 532 3068 eo
558 2995 699 3068 tantbm
726 2997 852 3070 Seculo
880 3016 990 3072 artem
1021 3023 1096 3072 ma·

334 3095 452 3172 citimi
479 3097 607 3194 proelii
632 3097 830 3171 addidiccre
850 3099 999 3172 Veneti.
1028 3103 1095 3172 Vel

333 3196 395 3268 sub
423 3196 503 3293 ipfis
530 3198 775 3295 Langobardis
808 3225 927 3270 eorum
965 3198 1003 3272 in
1031 3200 1096 3274 hac
1133 3188 1167 3258 Ῑ)

333 3321 373 3370 re
388 3294 501 3371 virtus
513 3296 682 3372 emicuit.
696 3302 792 3398 Lege
810 3298 963 3373 Danduli
978 3297 1096 3375 Chro-

333 3397 463 3473 nicon.
492 3398 550 3474 Ad
578 3398 662 3475 haec
689 3399 728 3473 in
748 3400 920 3498 ejusmodi
942 3402 1096 3479 militiae

333 3526 460 3601 genere
483 3503 636 3576 multum
664 3500 727 3576 fibi
746 3501 835 3574 olim
859 3501 994 3602 gloriae
1013 3531 1097 3578 con·

331 3601 526 3698 quilierunt
554 3605 729 3679 Robertus
755 3602 968 3679 Guilcardus
995 3609 1095 3701 Apu-

332 3702 404 3777 liae
432 3707 538 3793 Dux,
565 3703 707 3805 ejusque
735 3704 962 3808 succeffores3
1002 3707 1065 3782 Pil
1081 3751 1096 3764 -

332 3803 373 3878 ni
413 3831 555 3904 quoque
594 3833 635 3880 ac
675 3807 905 3891 Genuenlec,
946 3835 1095 3906 quorum

332 3906 524 4007 peritiam,
551 3906 799 3984 fortitudinem
827 3906 867 3985 hc
887 3913 1026 4011 egregia
1047 3910 1100 3983 ia·

332 4006 392 4080 tta
418 4009 509 4080 olim
537 4007 634 4083 nulla
660 4031 780 4084 extera
805 4037 889 4101 gens
908 4011 1099 4104 aequauit,

1206 2391 1333 2488 ur'gr'r‘s.
1360 2390 1426 2464 Sed
1452 2387 1644 2487 utrobique
1670 2387 1889 2465 scribendum
1909 2395 1975 2462 Co·

1207 2491 1265 2568 cha
1288 2493 1325 2566 dc
1351 2492 1489 2575 Corbis,
1518 2490 1574 2566 seu
1600 2491 1748 2583 Corchio,
1786 2490 1880 2590 quod
1908 2516 1975 2564 no-

1209 2620 1291 2669 men
1326 2592 1595 2668 vetuliiliimum
1633 2611 1720 2666 tunc
1754 2590 1848 2666 luit.
1881 2589 1978 2666 Vide

1209 2699 1428 2769 Venetorum
1464 2697 1499 2767 &
1534 2690 1769 2766 Genuenfium
1798 2691 1977 2767 Historias

1111 2848 1116 2860 ·
1209 2794 1248 2871 in
1275 2793 1502 2871 Colleblione
1529 2798 1610 2870 Rer.
1638 2793 1871 2869 Italicarum.
1896 2799 1978 2866 Coc·

1209 2923 1316 2970 rarum
1341 2916 1460 2972 autem
1487 2895 1567 2971 ulus
1593 2894 1632 2969 in
1657 2899 1789 2996 Supero
1814 2921 1854 2969 ac
1880 2891 1979 2970 lnie·

1210 3025 1252 3074 ro
1278 2998 1366 3073 mari
1395 2997 1522 3073 Italiae
1547 2996 1616 3072 effe
1642 2996 1762 3096 coepit
1799 2995 1871 3092 poll
1897 3000 1979 3070 An·

1210 3125 1295 3173 num
1332 3097 1469 3174 Christi
1504 3101 1716 3173 Mccciv.
1750 3097 1804 3172 uti
1841 3124 1981 3172 memo·

1211 3200 1284 3274 riae
1310 3198 1470 3297 prodidit
1494 3197 1670 3289 Jolsannec
1690 3196 1871 3271 Villanius
1891 3198 1979 3274 Lib.

1213 3306 1247 3378 8.
1289 3303 1378 3399 Cap.
1414 3323 1478 3399 77.
1514 3295 1699 3374 Hilloriar.
1734 3301 1847 3373 Erant
1883 3298 1980 3375 oli'm

1213 3402 1379 3492 Uscherr'a,
1415 3400 1485 3478 live
1520 3395 1710 3496 Μανία,
1745 3400 1805 3474 vel
1842 3396 1979 3494 Ufferr'i,

1211 3507 1246 3578 δι
1288 3510 1487 3596 Dromaree,
1524 3528 1633 3577 naves
1674 3499 1831 3604 ingentis
1868 3500 1977 3575 molis

1212 3606 1254 3681 ad
1282 3633 1390 3705 equos
1428 3633 1488 3708 pec
1520 3630 1616 3680 mare
1651 3601 1892 3690 devehendos.
1927 3606 1978 3675 E-

1170 3773 1172 3778 .
1211 3728 1292 3782 cant
1311 3713 1454 3791 Galeae,
1479 3708 1642 3787 Taridae‚
1668 3705 1887 3796 Chelardria,
1912 3694 1980 3777 Sa·

1206 3835 1329 3904 genoe,
1355 3810 1543 3902 Sagineae,
1569 3807 1734 3894 Bacchae,
1761 3805 1955 3902 Brigaecini
1963 3855 1976 3887 ,

1209 3906 1352 3983 carabi,
1380 3904 1470 3977 unde
1496 3904 1681 3977 efformata
1707 3930 1780 3977 uox
1806 3907 1979 3979 cornhella

1209 4003 1248 4079 δι
1275 4004 1474 4093 coronella,
1510 4003 1650 4101 aliaque
1685 4004 1822 4082 diversa
1859 4005 1979 4081 nomi·

332 4102 464 4179 nedum
493 4104 689 4206 superavit.
718 4115 843 4209 Neque
868 4115 1011 4183 tantum
1033 4109 1101 4183 tri·
1138 4121 1169 4192 Ε
1209 4130 1278 4187 na,
1305 4130 1394 4201 quae
1413 4130 1609 4180 memorare
1635 4104 1846 4202 superfluum
1868 4124 1977 4206 puto.

329 4205 513 4299 semibus,
540 4208 842 4307 quadriremibus,
862 4209 1011 4310 aliisque
1032 4209 1101 4285 mi·

333 4310 481 4388 notibus
506 4311 732 4415 navigiorum
760 4313 946 4412 generibus
974 4315 1102 4390 italica

335 4436 421 4509 gens
446 4413 668 4505 abundavit,
696 4415 754 4489 led
778 4417 814 4488 dc
842 4415 1035 4519 majoribus
1062 4441 1104 4490 ac

333 4537 444 4617 paene
469 4517 675 4590 enormibus
713 4517 899 4612 praecipue
936 4517 1009 4619 poll
1044 4516 1104 4591 in·

200 4637 203 4644 “
334 4639 482 4693 ventum
511 4615 688 4714 mognetis
707 4614 807 4688 usum
828 4616 870 4689 ad
898 4619 1103 4695 nauticam.

333 4720 384 4799 Et
409 4741 520 4821 quum
558 4717 688 4814 Ligna,
715 4717 901 4802 Barchiae,
923 4723 1007 4812 Vasa
1033 4730 1104 4795 Ue.

337 4824 601 4921 appellarentur
626 4845 750 4895 omnes
764 4851 771 4891 .·
787 4818 891 4920 justae
921 4821 1105 4934 magnitu-

339 4916 433 4994 dinis
458 4949 590 5006 naves,
617 4923 701 4997 binc
729 4942 812 4997 nata
838 4924 909 4997 luit
936 4950 1008 4993 vox
1038 4929 1102 4993 Va·

333 5015 453 5117 scrib,
477 5051 566 5121 quac
585 5024 698 5103 adbuc
716 5025 903 5126 perducat.
927 5022 1103 5100 Omnium

1260 4209 1429 4282 Ceterum
1458 4204 1643 4286 Civitates
1669 4208 1838 4297 italicae,
1864 4231 1980 4302 quum

1209 4308 1362 4408 primurn
1400 4307 1439 4384 in
1466 4310 1668 4384 libertatem
1695 4309 1980 4399 aliurrexerunt,

1208 4438 1248 4485 ac
1275 4410 1336 4486 diu
1364 4411 1472 4487 etiam
1500 4409 1635 4511 polleas
1668 4409 1876 4508 plerumque
1901 4405 1978 4484 luis

1209 4511 1288 4612 ipsrs
1315 4511 1472 4591 Civibus
1506 4509 1651 4583 armatis
1687 4524 1750 4581 aut
1786 4505 1857 4583 sele
1894 4525 1978 4584 tue·

1213 4617 1367 4696 bantur,
1403 4630 1465 4686 aut
1491 4606 1658 4685 finitimis
1685 4609 1818 4684 bellum
1846 4608 1980 4685 iniere·

1207 4718 1313 4791 bant.
1340 4715 1434 4785 Tam
1465 4709 1639 4799 Nobiles,
1666 4711 1773 4811 quim
1801 4709 1976 4793 Artilicee

1206 4813 1312 4890 ermis
1328 4811 1479 4912 arreptis
1499 4811 1543 4888 ad
1569 4810 1682 4887 aciem
1708 4814 1973 4889 convolabant:

1206 4942 1295 5018 quae
1331 4913 1459 5013 peritia
1496 4913 1711 4989 militarium
1750 4942 1866 4991 rerum
1906 4917 1977 4988 Po·

1204 5018 1387 5126 pularibus
1431 5016 1559 5100 deinde
1597 5015 1739 5102 animos
1781 5015 1978 5192 iecipuaut
