4214 6014
296 352 382 454 669
570 327 939 424 Dlssnnmlo
987 333 1540 432 VJGESIMASEPTIMA:
1732 365 1818 459 ⁶70

235 463 347 539 nebo,
374 450 521 531 deflexit
548 481 567 527 a
596 482 680 529 vero
705 456 1002 546 Guichenonius,
1044 469 1080 541 A
1117 453 1208 555 figne
1244 458 1390 532 Ordinis
1428 458 1591 557 equestris
1617 487 1637 532 a
1663 459 1696 538 se
1722 462 1878 541 instituti

235 564 319 638 dum
336 562 522 634 arbitratus
538 556 606 644 ell,
629 556 746 631 culum
769 558 861 632 hunc
887 563 1000 634 Num·

236 690 334 739 mum
362 662 409 733 ob
435 658 579 754 aliquod
607 656 727 732 foedus
764 662 807 733 ab
843 667 1003 736 Amedeo

236 766 369 840 initum
398 788 477 834 cum
507 759 749 834 florentinis.
779 761 884 835 Nihil
904 763 1002 837 aliud

232 867 264 942 is
291 866 363 948 est,
395 861 467 937 nist
495 864 664 935 Florenus
708 889 855 952 aureus,
891 892 996 964 quem

236 988 313 1044 tum
341 966 413 1067 ipse
439 967 570 1040 Comes
597 965 811 1056 sabaudiae,
838 987 914 1040 tum
937 969 1001 1044 alii

236 1071 419 1168 Principes
458 1067 501 1140 ad
528 1066 772 1143 imitationem
813 1071 998 1147 Florenti·

222 1170 362 1246 vnorum
394 1169 601 1269 percussere.

286 1274 456 1347 Decimus
484 1298 595 1346 nonus
623 1290 806 1372 argenteus
831 1273 873 1348 ad
901 1301 1000 1348 eum·

1116 559 1158 629 ad
1199 561 1331 633 collum
1367 561 1546 660 gerentis,
1586 562 1727 636 dextera
1762 564 1880 639 ensem

1117 658 1271 742 nudum,
1312 659 1440 735 stnillrs
1474 667 1619 736 Scotum
1655 690 1734 738 cum
1762 663 1880 742 Cruce

1116 760 1303 858 gentilicis
1343 763 1517 837 tenentis.
1557 765 1757 864 Epigraphe
1796 768 1880 844 haec

1117 862 1282 936 additur:
1322 868 1563 939 AMEDEVS
1598 871 1766 942 COMES
1802 873 1882 944 SA·

1117 965 1316 1041 BAVdr'ar.
1358 966 1398 1040 ln
1427 967 1555 1066 pollica
1581 973 1707 1051 Crux,
1746 969 1882 1045 circum
2007 1035 2008 1038 ,

1116 1091 1221 1161 quam
1249 1088 1402 1164 quatuor
1428 1073 1569 1144 FERT.
1597 1070 1733 1169 laqueis
1769 1072 1883 1147 inter·

1116 1169 1251 1239 mixta.
1290 1170 1440 1244 Limbus
1466 1170 1672 1245 inscribitur
1698 1171 1755 1246 his
1781 1173 1883 1249 voci·

1116 1267 1199 1340 bus:
1239 1273 1342 1342 DVX
1370 1275 1741 1349 cunnensium
1771 1276 1881 1350 ITA·

236 1374 315 1447 dem
342 1380 520 1457 Amedeum
561 1380 599 1446 V.
634 1373 816 1474 speblanr,
854 1376 999 1450 exhibet
1047 1371 1077 1444 B
1114 1371 1203 1442 LIA
1230 1373 1472 1448 MARCHio.

235 1481 380 1551 scutum
402 1503 481 1549 cum
503 1479 618 1549 Cruce
637 1477 845 1578 gentilicia,
865 1474 905 1550 δι
926 1477 998 1551 cas·

233 1578 301 1652 fide
337 1575 572 1676 superpofita.
614 1578 833 1680 Adjungitur
874 1577 998 1653 inscri-

233 1681 338 1782 ptio:
393 1683 633 1752 AMEDEVS
675 1685 720 1753 D.
760 1683 878 1753 GRA.
913 1684 999 1754 CO-

232 1784 357 1858 MES.
383 1778 486 1854 Crux
514 1780 551 1852 in
580 1778 708 1875 pollica
736 1806 815 1853 eum
846 1801 999 1879 quatuor

233 1883 332 1957 Rosts
372 1881 410 1954 in
447 1879 584 1978 angulis
621 1877 660 1954 ἃ
696 1881 885 1981 epigraphe
921 1887 998 1957 SA·

230 1987 383 2059 navo.
414 1986 467 2055 ru
496 1985 677 2074 traam
705 1984 968 2059 manento.

284 2082 482 2184 Vigefimus
525 2103 707 2179 argenteus
749 2085 792 2158 ad
832 2086 995 2160 eumdem

231 2192 410 2262 Amrdeum
440 2191 476 2256 V.
506 2183 657 2279 spebiare
684 2183 847 2268 videtur,
873 2166 907 2260 bi
930 2188 997 2262 Di·

1166 1471 1364 1570 Vigesrmus
1390 1493 1534 1573 quartur
1561 1500 1683 1551 aureus
1710 1475 1752 1550 ad
1776 1485 1881 1551 Amr·

1112 1573 1205 1642 deum
1233 1579 1305 1648 Vll.
1332 1575 1492 1673 spedist,
1519 1578 1583 1677 qui
1610 1582 1720 1653 Anno
1746 1578 1878 1655 Christi

1112 1675 1358 1792 MCCCXCI.
1384 1679 1499 1753 vitam
1526 1706 1606 1755 cum
1634 1696 1749 1755 morte
1777 1706 1877 1754 com·

1114 1794 1270 1848 mutavit
1284 1828 1294 1850 ι

1166 1876 1363 1975 Vigelimus
1398 1882 1566 1979 quincius
1612 1912 1735 1960 aureus
1774 1892 1880 1958 Arre·

1110 1978 1203 2047 deum
1232 1984 1322 2050 Vlls.
1349 1978 1477 2064 refert,
1504 1986 1567 2081 qui
1595 1987 1728 2082 primus
1747 1988 1879 2062 Sabatt-

1110 2076 1189 2152 diae
1217 2083 1300 2154 Dux
1328 2081 1373 2154 ell
1395 2084 1616 2160 renuntiatus
1637 2091 1747 2160 Anno
1770 2087 1879 2161 chri·
2025 2131 2028 2136 >

1110 2177 1150 2252 lli
1177 2183 1459 2258 MCCCCXVI.
1481 2187 1516 2258 ἃ
1547 2190 1638 2286 Papa
1666 2186 1726 2261 sub
1753 2187 1872 2262 nomi-

232 2285 354 2363 vifiam
383 2290 513 2360 FERT
551 2284 720 2389 praeserre
746 2314 766 2362 a
792 2287 997 2364 Guirheno.
1041 2269 1088 2349 C·
1110 2307 1154 2354 ne
1182 2282 1313 2357 Felicis
1334 2289 1379 2356 V.
1396 2290 1507 2359 Anno
1523 2290 1872 2365 Mccccxxxlx.

229 2390 294 2464 nio
320 2390 500 2490 creditur3
542 2389 636 2487 quod
672 2416 738 2489 ego
765 2417 837 2464 non
864 2391 995 2467 rideo.

228 2489 444 2565 Circumstat
511 2489 699 2590 epigraphe
754 2486 1024 2568 AMEDEVS'

230 2595 425 2667 COMES.
467 2591 510 2666 ln
537 2591 655 2666 aversa
683 2613 780 2688 parte
806 2592 908 2668 Crux
935 2600 994 2671 Sa·

228 2691 423 2769 baudienis
443 2693 634 2768 &literae:
664 2695 940 2771 SABAVDIE.

280 2793 479 2895 Vigelimus
535 2795 669 2894 primus
723 2796 765 2868 ad
814 2801 994 2870 Amrdeum

229 2895 343 2995 ipsum
373 2895 546 2994 pertinere
567 2915 730 2994 putatur.
758 2896 917 2971 Literam
945 2902 991 2973 A.

224 2999 264 3073 in
292 3023 369 3071 area
396 2996 569 3078 exhibet,
610 3023 699 3095 quae
735 3023 815 3071 cum
842 3000 992 3099 reliquis

223 3099 340 3173 literis
376 3098 413 3172 in
456 3099 609 3172 circuitu
647 3099 891 3197 conjungenda
921 3101 993 3185 etl,

1068 2430 1070 2435 ,
1110 2399 1270 2474 creatus,
1297 2385 1373 2459 vird
1399 2387 1539 2463 demum
1568 2388 1709 2465 sunblus
1728 2392 1774 2465 cll
1798 2397 1876 2465 An·

1108 2510 1157 2558 no
1176 2489 1421 2563 MCCCCLI.
1445 2490 1485 2564 ln
1505 2491 1624 2567 antica
1635 2492 1769 2593 effigies
1789 2496 1876 2567 San·

1108 2585 1159 2660 sii
1186 2586 1360 2663 Mauricii
1382 2589 1529 2684 vifirur,
1554 2592 1684 2667 hallam
1707 2596 1877 2676 dextera,

1108 2691 1254 2761 Scurum
1281 2715 1363 2763 cum
1390 2689 1509 2766 Cruce
1544 2696 1764 2769 Sabaudienli
1794 2696 1876 2770 smi-

1107 2787 1172 2862 ttrt
1199 2790 1374 2874 tenentis,
1400 2792 1444 2866 ad
1471 2796 1570 2896 cujus
1598 2798 1700 2894 pedes
1727 2796 1875 2898 prostra-

1108 2908 1165 2964 tus
1180 2892 1336 2966 cernitur
1351 2896 1529 2970 Amedeus
1550 2896 1622 2996 ipse
1644 2903 1750 2973 Dux.
1775 2903 1876 2975 Haec

1107 2991 1161 3065 ibi
1178 2992 1387 3094 epigraphe:
1415 3001 1656 3074 AMEDEVS
1671 3004 1777 3074 Dvx
1797 3004 1877 3074 SA·

1108 3096 1260 3170 BAVD.
1285 3099 1324 3170 P.
1347 3096 1431 3171 idest
1449 3101 1603 3193 Primus,
1623 3120 1684 3177 aut
1704 3110 1876 3194 Prrrrreps,

215 3227 352 3299 nempe
378 3204 501 3274 MED.
525 3202 693 3274 COMES
719 3203 993 3278 snssnuuts.
1043 3189 1077 3260 D
1107 3194 1176 3268 stve
1203 3198 1424 3274 Pedemrrrr‘s.
1451 3200 1493 3275 ln
1521 3201 1637 3286 aversa
1665 3223 1763 3304 parre
1790 3209 1876 3278 Scu-

224 3304 345 3377 Pacies
372 3300 489 3376 aversa
516 3304 632 3374 Cruce
656 3303 843 3398 gentilicis
869 3306 914 3376 est
937 3305 991 3377 in-

192 3401 370 3502 signita,
411 3408 455 3473 D*
494 3400 612 3472 literis
657 3403 893 3479 MARCHio.
923 3408 992 3479 IN.

227 3507 410 3578 lTALIA
426 3555 437 3577 .

280 3601 479 3704 Vigehmus
507 3601 675 3678 sccundus
710 3630 833 3679 aureus
869 3604 911 3678 ad
937 3612 993 3678 A·

110 3703 112 3707 ’
223 3709 362 3778 caedrum
388 3712 443 3780 Vl.
468 3704 643 3800 pertinet,
671 3709 733 3804 qui
755 3710 863 3779 Auno
883 3705 988 3781 Chri-

124 3868 128 3875 .
224 3808 264 3882 lli
311 3810 672 3883 MCCCLXXXIH.
729 3832 772 3882 cx
829 3809 996 3882 humanis

227 3911 347 3985 abiit.
375 3911 415 3985 ln
443 3909 561 3983 antica
588 3908 713 3983 vifitur
739 3915 884 3984 Scutum
912 3936 993 3983 eum

146 4024 148 4028 '
225 4010 345 4085 Cruce
372 4011 614 4090 Sahaudienfi,
640 4012 675 4081 8<
698 4012 910 4110 epigraphes
941 4018 991 4085 A·

1108 3315 1185 3370 tum
1227 3297 1464 3398 conspicitur,
1515 3305 1673 3379 eamdem
1716 3304 1874 3380 Crucem

1109 3395 1302 3494 praeferens
1343 3427 1422 3473 cum
1449 3407 1615 3501 ‘Laqueis
1651 3406 1736 3479 hinc
1762 3407 1875 3486 inde,

1108 3496 1281 3571 Ordinem
1322 3501 1512 3596 equellrem
1554 3503 1799 3601 signantibus,
1839 3509 1876 3578 δε

1108 3597 1201 3671 riblu
1245 3603 1377 3675 Leonis
1415 3602 1526 3676 alati.
1568 3603 1729 3679 Adsuntv
1751 3606 1876 3681 literae

1108 3702 1352 3774 AMEDEVS
1379 3706 1483 3776 DVX
1511 3708 1786 3783 SABAVDIE.
1824 3732 1828 3739 ·

1096 3888 1104 3902 .
1161 3801 1358 3901 Vigelimus
1378 3803 1496 3879 sextus
1515 3826 1699 3905 argenteus
1713 3811 1757 3883 a'd
1776 3835 1876 3884 eum-

1108 3902 1187 3977 dem
1217 3904 1419 4004 Principem
1449 3907 1649 4005 pertinens,
1690 3911 1729 3983 in
1756 3911 1877 3986 antica

1109 4010 1254 4080 Scotum
1281 4006 1387 4081 habet
1414 4035 1493 4081 cum
1521 4006 1641 4084 Cruce
1666 4010 1876 4112 gentilicia,

223 4116 429 4186 mausus
504 4114 674 4182 conss
747 4117 993 4186 saravum
1040 4089 1142 4181 E&
1186 4107 1374 4205 epigraphe
1415 4113 1658 4200 ausurus
1694 4115 1879 4187 sanav-

224 4218 351 4287 Dvx.
381 4213 421 4287 ln
444 4210 572 4311 postica
594 4209 720 4292 Crux,
747 4208 995 4314 &inscriptio

226 4316 453 4390 cnsncn.
479 4315 547 4385 st
573 4315 753 4386 avora
778 4313 894 4407 (tren
915 4329 995 4389 Aa.

222 4417 356 4513 guliae)
387 4417 612 4490 lTALlAE.
641 4416 992 4493 Marcilium.

231 4521 337 4591 PRE.
364 4516 447 4589 idest
475 4517 645 4613 Princeps,
684 4534 745 4589 aut
784 4517 994 4605 PraeseHm.

232 4620 400 4694 Titulus-
423 4622 520 4688 Duris
573 4642 645 4691 non
689 4617 730 4690 ad
772 4616 994 4706 sabaudiam,

230 4718 287 4793 sed
315 4720 357 4791 ad
384 4717 558 4790 Cbrblium
592 4719 718 4815 (nunc
743 4721 896 4793 Chablais
913 4725 929 4819 )
949 4720 995 4796 est

229 4818 448 4896 referendus.

281 4919 478 5022 Vigelimus
519 4917 646 4995 tertius
678 4943 879 5023 argenteus
916 4924 993 4997 effi-

231 5025 326 5128 giem
356 5021 531 5124 Principis
556 5021 719 5122 ejusdem.
735 5026 909 5127 praefert,
934 5027 992 5102 in·

1110 4213 1194 4281 DIE
1223 4211 1417 4283 Dvx.1n
1448 4213 1574 4306 postica
1602 4213 1729 4306 iterum
1751 4213 1877 4304 Crux,

1108 4311 1141 4382 δι
1172 4310 1316 4382 literae:
1340 4315 1396 4383 IN
1427 4315 1609 4385 ITALlA
1630 4316 1872 4388 MARCHIO

1111 4413 1318 4505 PRINCeps
1346 4414 1384 4495 P.
1411 4410 1495 4484 idell
1521 4414 1740 4488 Pedemorrris.

1162 4510 1359 4611 Vigelimus
1400 4511 1569 4611 septimus
1605 4542 1729 4590 aureus
1753 4541 1772 4590 a
1799 4519 1875 4592 Lu·

1109 4613 1240 4688 dorico
1282 4619 1379 4688 Duce
1421 4612 1547 4708 culus,
1602 4621 1747 4692 Scutum
1794 4641 1877 4692 cum

1109 4715 1228 4791 Cruce
1253 4719 1287 4789 δι
1315 4715 1471 4812 Laqueis
1498 4717 1755 4815 circumpositis
1773 4717 1877 4793 exhi·

1111 4819 1191 4898 bet,
1218 4816 1337 4890 addita
1365 4818 1499 4892 Divifia
1519 4824 1649 4892 PERT
1670 4819 1768 4915 supra
1791 4824 1877 4894 Scu-

1110 4938 1213 4993 tum.
1256 4919 1453 5020 Epigraphe
1490 4920 1792 4996 Lvoovtcvs
1829 4924 1876 4996 D.

1110 5019 1232 5121 (idest
1270 5022 1384 5125 Dux)
1437 5024 1689 5128 §ARAthE
1741 5027 1878 5100 PRIN-
