4192 6016
203 337 308 462 ‘'1'77⁴
528 327 901 419 DliililiTATlO
933 324 1429 416 alutinensium
1659 330 1739 444 178

160 453 249 524 Vrta
293 449 437 526 Nicolai
479 451 664 525 Laurentii
702 449 788 548 (seu
830 447 925 523 Cola
964 453 997 521 A
1039 468 1139 520 venta
1164 447 1206 534 est
1232 454 1319 544 apud
1345 449 1499 518 Baleares
1526 444 1667 536 Insulas.
1704 452 1803 521 Haec

162 552 206 625 de
244 553 396 652 Rieuzi)
424 553 580 627 Tribuni
620 558 860 626 Romanorum
890 581 925 626 e·

164 675 323 729 narratur
353 654 490 729 boslilis
517 653 669 755 ejusdem
702 654 828 749 Populi
856 663 925 728 Ro-

165 757 260 830 mani
301 759 473 845 processus
515 762 556 829 ad
599 756 815 829 obfidionem
855 763 927 831 Ve-

166 860 308 933 trallae.
338 860 414 943 lbi.
443 879 484 932 ut
510 858 540 931 is
568 859 641 940 ait,
666 861 761 948 fecero
787 888 851 931 una
872 867 928 932 A·

157 959 277 1048 finelta
317 972 358 1034 de
393 965 488 1045 leno,
524 989 541 1030 e
578 960 761 1055 ranafferola
789 961 831 1051 ῥ’
860 965 929 1040 alla

161 1069 262 1136 Perta
288 1065 377 1135 della
415 1071 537 1135 Rueea.
576 1069 626 1133 Le
665 1086 748 1132 narra
779 1065 813 1152 se
841 1065 929 1154 sese.

163 1165 280 1258 Quelli
306 1165 393 1235 della
422 1173 523 1235 Rocca
549 1165 703 1250 mellicam
723 1169 754 1236 Z
759 1164 840 1255 oifo,
867 1172 927 1235 Pe·

162 1294 217 1354 ce,
248 1266 381 1357 Voglio,
408 1266 635 1346 sementina,
666 1273 776 1347 Lena,
805 1266 850 1343 da*
877 1270 926 1335 ai-

166 1390 213 1438 tre
238 1366 320 1455 cose,
355 1394 372 1435 e
403 1362 521 1461 settara
547 1367 651 1458 questa
678 1369 810 1450 mellara
835 1370 927 1458 lepra
954 1356 996 1437 ,Β

164 1470 196 1539 lo
229 1464 360 1557 deficio.
403 1475 454 1539 La
486 1468 638 1552 Afinella
676 1467 708 1555 so
748 1471 781 1539 in
821 1473 928 1563 quella

165 1590 249 1638 notre
282 1596 381 1662 arza.
419 1577 469 1640 La
501 1576 632 1638 domane
661 1570 698 1659 fo
724 1591 853 1642 enovata
880 1597 926 1640 ce—

164 1698 253 1744 nare.
282 1677 384 1743 Ana
419 1670 527 1743 etiam
556 1668 594 1744 dt
624 1669 780 1761 Aufida
807 1674 925 1771 appel-

164 1776 256 1846 latae
286 1767 365 1843 lunt
391 1771 560 1868 ejusmodi
586 1773 801 1862 isachium,
838 1773 927 1845 unde

167 1872 306 1946 sortasse
333 1873 492 1946 derivata
519 1873 564 1945 est
594 1871 808 1947 consuetudo
841 1900 928 1945 nun·

167 1975 317 2069 cupandi
348 1992 522 2047 tormenta
558 1976 707 2057 bellica,
745 1975 929 2075 ignivoma

167 2075 280 2175 polica
311 2076 530 2165 adinventa,
557 2078 773 2173 Artiglierie,
802 2077 929 2174 quibus

167 2177 277 2250 etiam
308 2179 485 2276 proprium
509 2204 636 2251 nomen
664 2179 930 2273 imponebatur.

1040 553 1189 647 inepte,
1217 548 1238 621 sr
1268 552 1428 648 vulgares
1456 547 1578 621 fundas
1605 548 1804 647 intelligit,

1040 654 1168 750 quibus
1214 653 1368 726 Balearis
1417 652 1571 747 Populus
1619 650 1804 749 praecipue

1043 754 1157 827 valuit
1185 756 1225 826 ad
1264 754 1398 852 lapides
1435 751 1554 827 saxeos
1591 772 1653 825 aut
1689 755 1806 851 plum·

1042 858 1123 929 bens
1171 856 1434 956 projiciendoS.
1481 853 1685 928 Guntherus
1726 851 1806 928 heic

1043 959 1287 1056 praegrandem
1318 958 1492 1044 Ballistam
1521 957 1576 1031 seu
1601 962 1808 1054 Mangauum

1041 1059 1228 1141 describit,
1266 1087 1337 1156 quo
1364 1060 1525 1159 ingentia
1553 1060 1633 1132 saxa
1661 1078 1807 1156 torque·

1042 1163 1167 1236 bantur
1195 1163 1230 1237 in
1260 1159 1421 1236 Castrum
1450 1161 1640 1236 obsessum.
1669 1167 1803 1235 Ve'runr

1041 1264 1184 1362 quidem
1210 1264 1275 1346 est,
1297 1266 1435 1354 fundam
1461 1264 1633 1361 ejusmodi
1662 1263 1805 1336 Machi-

1041 1367 1096 1437 nis
1116 1364 1294 1441 interdum
1320 1367 1418 1441 luisse
1439 1369 1626 1447 insertam,
1655 1385 1694 1438 ut
1715 1366 1806 1462 Lip-

1042 1465 1105 1538 fius
1134 1470 1217 1542 Lib.
1247 1495 1280 1566 3.
1312 1471 1450 1567 Dialog.
1481 1493 1514 1565 3.
1545 1467 1736 1541 Poliorcet.
1763 1492 1806 1538 o·
1849 1550 1852 1554 ⁴

1042 1568 1192 1642 stendit.
1231 1571 1294 1643 Sed
1323 1572 1428 1670 longe
1455 1597 1472 1643 a
1505 1569 1640 1669 vulgari
1666 1566 1805 1642 diversa

1042 1669 1136 1750 suit,
1164 1670 1334 1769 simulque
1362 1692 1496 1744 certum
1525 1674 1589 1753 eli,
1619 1671 1708 1768 apud
1730 1697 1807 1743 ma·

1044 1772 1131 1868 jures
1173 1773 1304 1845 nostros
1348 1773 1525 1866 usurpatas
1563 1773 1663 1846 fuisse
1701 1782 1806 1845 vocee‘

1043 1879 1161 1945 Funde
1172 1926 1182 1955 ,
1206 1879 1328 1954 Belca,
1351 1878 1510 1964 Balenae,
1539 1875 1710 1946 Balearius
1730 1874 1805 1952 &a

1043 2003 1104 2067 pro
1125 1978 1289 2065 fundendo
1316 1974 1384 2048 sive
1412 1977 1566 2072 lapides,
1596 1976 1664 2050 live
1689 1979 1807 2074 plum·

1043 2081 1146 2162 bum,
1175 2076 1243 2151 five
1272 2075 1434 2173 sagittas.
1463 2082 1510 2150 Et
1537 2077 1620 2150 binc
1641 2105 1711 2149 vox
1734 2084 1806 2148 Ba·

1040 2178 1112 2257 lilla
1127 2228 1138 2259 ,
1176 2179 1321 2264 Balellra
1347 2205 1365 2249 a
1392 2184 1529 2250 Graeco
1557 2189 1676 2251 oliuae.
1713 2176 1806 2252 Vide

166 2277 347 2352 ferrariae
383 2281 420 2352 in
449 2279 722 2353 armamentario
749 2281 927 2354 Atestino-
969 2263 1000 2332 C
1045 2282 1322 2378 DuCangium.
1362 2279 1566 2354 Guntherus
1607 2281 1679 2381 ipse
1720 2279 1806 2353 Lib.

165 2405 242 2455 rum
282 2384 420 2454 Ducum
459 2402 531 2452 erat
569 2381 692 2476 (nunc
729 2401 845 2454 autem
884 2381 928 2454 est

164 2482 363 2581 Mutinae)
404 2483 558 2554 immane
586 2503 804 2556 tormentum
833 2483 923 2582 igni-

163 2608 334 2670 vomum,
363 2587 419 2656 cui
448 2610 576 2657 nomen
605 2586 638 2654 la
669 2587 814 2678 Regina.
843 2589 928 2658 Erat

164 2687 197 2760 ἃ
227 2690 253 2754 il
276 2715 359 2776 gran
389 2688 529 2757 Diavola
555 2691 597 2759 ab
619 2687 765 2758 Areollo
793 2712 925 2761 memo-

164 2810 301 2862 ratum.
330 2787 547 2882 Manganum
572 2794 653 2860 vero
677 2790 820 2866 Balearis
849 2794 925 2860 Ma·

166 2890 259 2957 abina
287 2916 304 2957 a
329 2891 518 2960 Gunthero
554 2891 750 2986 appellatur
782 2891 864 2963 Lib.
894 2914 929 2986 3.

164 2989 291 3086 Ligur.
319 2988 379 3060 ubi
408 2989 483 3061 ait:

175 3196 180 3213 ,
215 3139 403 3227 Exstruitur
439 3141 538 3211 mirae
573 3141 743 3213 Balearica
769 3143 929 3219 Machina.
971 3168 1002 3236 D
1044 3198 1166 3293 Itaque
1195 3198 1262 3268 Bal

321 3242 407 3311 mulis
421 3292 432 3323 ‚

214 3351 309 3442 Quae
335 3346 448 3415 valido
474 3346 601 3443 longum
623 3345 856 3442 transverberat
874 3358 927 3421 ae·-

320 3476 356 3517 ta
380 3446 470 3537 iussu
480 3473 497 3518 .·

164 3603 312 3690 lacobus
357 3601 552 3702 Spiegelius
597 3600 634 3673 in
685 3600 840 3674 scholiis
887 3599 928 3670 ad

167 3703 261 3775 hune
297 3705 413 3776 locum
455 3703 598 3776 scribit:
639 3705 809 3772 Balearica
852 3706 929 3771 Ma·

167 3807 282 3886 abina,
321 3804 397 3893 idell
427 3806 563 3897 funda:
598 3831 678 3903 qaae
710 3805 850 3898 primiam
876 3802 928 3875 in·

1041 2406 1074 2476 p.
1099 2385 1233 2482 funeas
1254 2380 1392 2481 primo,
1418 2399 1493 2456 tum
1515 2388 1688 2480 Mangana
1704 2405 1807 2454 eom·

1042 2502 1213 2556 memorat
1228 2532 1239 2562 ,
1267 2481 1420 2557 scribens
1436 2509 1445 2557 :

1092 2676 1233 2691 -----
1248 2636 1374 2727 lapides
1400 2637 1529 2733 agitata
1554 2640 1688 2711 minores

1093 2741 1212 2808 Panda
1239 2759 1341 2811 rorat.
1371 2745 1509 2837 Magnos
1531 2742 1701 2817 Balearica
1723 2743 1807 2811 Ma-

1194 2841 1287 2914 abina
1314 2867 1414 2915 maras

1093 2944 1233 3022 lucarie,
1266 2943 1317 3022 a&
1351 2947 1431 3017 daeo
1456 2946 1634 3020 munimina
1660 2947 1807 3021 verberat

1197 3043 1285 3116 illu.

1263 3197 1366 3270 carica
1391 3201 1550 3276 Macbina
1575 3200 1670 3275 idem
1700 3196 1806 3298 ligni·

1043 3295 1167 3370 litavit
1194 3325 1233 3370 ac
1262 3303 1421 3374 Machina
1455 3306 1499 3376 da
1532 3305 1678 3394 pitture,
1702 3332 1729 3395 e
1762 3304 1808 3371 da

1044 3399 1126 3467 tirar
1148 3395 1250 3494 grosse
1279 3402 1398 3474 eicere.
1430 3407 1482 3475 De
1511 3411 1630 3476 Funde
1657 3409 1810 3497 Manga·¹

1045 3501 1149 3573 nellis
1187 3499 1306 3599 juniii
1332 3504 1469 3577 mentio
1503 3504 1550 3575 est
1585 3505 1623 3574 in
1650 3503 1808 3591 Charta,
1898 3581 1900 3584 .

1045 3626 1150 3693 quam
1187 3604 1224 3672 in
1251 3600 1390 3673 Codice
1427 3607 1533 3674 MSro
1568 3601 1698 3677 Cencii
1734 3606 1807 3678 Ca-

985 3685 1018 3823 ¹
1047 3699 1187 3770 merarii
1228 3702 1412 3796 legebam,
1449 3725 1555 3806 atque
1590 3706 1669 3783 heic
1705 3710 1808 3787 epul.

1045 3799 1194 3901 gandum
1223 3797 1365 3879 censui.

167 4011 476 4098 instrumentum
510 4014 558 4095 de
588 4012 847 4124 resignatione
879 4008 1004 4100 Casiri
1045 4010 1259 4121 Fumonis,
1299 4013 1624 4125 widnalium,
1666 4020 1809 4108 areoli·

152 4196 159 4208 .
225 4129 353 4230 lium,
384 4130 632 4233 aliorumque
668 4132 874 4216 mobilium
895 4133 942 4215 ad
967 4129 1146 4214 Castrum
1179 4130 1304 4245 ipsum
1336 4132 1616 4247 speliendum,
1647 4132 1751 4222 saun

284 4274 356 4365 per
388 4242 610 4326 Dominum
647 4246 855 4334 Nicolaum
887 4251 935 4333 de
968 4249 1151 4356 Anagnia
1182 4251 1385 4358 quondam
1417 4256 1601 4365 nepotem
1633 4253 1691 4337 le·

343 4363 429 4452 licis
463 4363 748 4447 recordationis
788 4366 970 4473 Gregorii
1018 4372 1138 4473 Papae
1181 4371 1251 4448 IX.
1284 4370 1345 4453 cui
1388 4399 1454 4485 per
1485 4368 1629 4454 Domi·

433 4511 534 4570 num
578 4486 789 4567 Urbanum
835 4491 974 4594 Papam
1016 4487 1087 4566 lV.
1124 4481 1372 4572 commissum
1412 4487 1540 4575 luerat

658 4599 766 4686 idem
800 4602 1000 4708 Castrum,
1034 4611 1156 4686 Auno
1192 4619 1318 4716 ¹2⁶3·

168 4817 257 5006 IN
281 4825 400 4897 nomine
436 4821 572 4896 Domini
607 4821 704 4906 naslei
730 4824 814 4914 Jesa
840 4820 936 4895 Chri·
970 4823 1010 4894 E'
1042 4827 1171 4907 Tereia,
1200 4823 1411 4913 Pontificatas
1436 4829 1573 4898 Domini
1599 4807 1723 4900 urbani
1749 4832 1806 4908 lV.

236 4925 307 5011 sti.
335 4933 461 4997 Amen.
487 4933 590 4998 Anno
625 4924 828 4996 Natiuitatis
863 4925 931 5007 eiu·

162 5029 252 5120 salem
280 5023 457 5110 Mallefima
491 5026 706 5112 Ducentefimo
734 5028 933 5126 Sexagefime
1004 4997 1011 5082 l

1044 4935 1154 5009 Papae
1180 4932 1281 4996 Anno
1317 4930 1361 4998 ll.
1398 4925 1578 4999 ludisiione
1613 4930 1657 4998 ll.
1695 4934 1809 5027 Mense

1035 5033 1133 5126 Julio
1159 5032 1250 5103 Vlll.
1277 5027 1442 5103 intrante.
1478 5032 1517 5101 ln
1539 5029 1720 5127 praesemia
1745 5034 1809 5109 mei

1648 5140 1757 5210 Nara·
