4214 6014
297 325 378 410 271
561 295 1007 419 ANTIQUJT.
1055 299 1318 393 MEDII
1361 311 1554 401 AEVr
1730 343 1813 427 ²72

237 411 325 486 alias
352 411 512 501 telorum
540 408 693 509 species,
726 421 931 514 Quadreller.
944 421 1000 497 vi·
1035 421 1072 492 A
1110 424 1267 520 emptis,
1303 429 1444 499 eamdem
1465 427 1592 523 claffeur
1616 432 1663 502 ad
1687 421 1875 504 Dalmatiae

234 510 366 583 delicet
404 513 472 584 &o
516 512 796 611 jaculabantur.
847 525 1001 597 Francus

231 609 436 685 Saccbettus
472 611 511 686 in
549 617 694 692 Fabulis
732 620 869 696 Italicis
905 623 920 711 i
933 631 1000 697 Ne-

229 712 342 810 velte)
370 738 404 787 n.
423 736 485 813 72.
507 715 580 790 ait:
610 724 776 794 ,Audesne
801 751 881 796 come
900 731 999 800 Free-

228 812 301 891 ria,
327 813 381 886 ebe
406 813 512 909 usciffe
537 817 571 889 δ’
582 828 693 906 Arce,
719 851 738 894 e
761 852 843 898 come
867 830 998 918 strate,

229 914 283 988 che
309 912 414 1012 usciffe
438 920 477 993 di
513 922 681 1008 Balellre.
720 928 774 1001 lta
809 927 906 1002 enim
933 956 1000 1004 ex·

232 1015 372 1192 plices,
409 1046 498 1119 quae
534 1043 634 1102 antea
661 1027 868 1115 Willelmus
896 1030 999 1104 Brito

248 1117 999 1227 cribebat,nempeignornmfuilleGallis‚

283 1306 317 1332 ··
325 1317 518 1335 ·····
543 1278 624 1376 quid
648 1280 845 1371 Balissarr’ur
869 1291 1000 1375 Areus,

284 1376 382 1470 Quid
406 1377 534 1468 Bulifln
553 1381 639 1472 seret
647 1425 999 1457 .........

231 1525 379 1644 dalilae
404 1530 502 1606 enim
529 1532 666 1610 etiamst
693 1539 894 1619 manuales,
921 1563 998 1636 gra·

231 1650 313 1703 utus
338 1656 519 1708 armorum
543 1661 652 1732 genua
679 1636 797 1728 fuere,
826 1638 1000 1736 majoriae

230 1726 392 1828 impetu,
420 1736 527 1831 quim
556 1739 694 1825 Arcus,
720 1739 792 1811 tela
813 1738 1001 1813 uibrabant

232 1826 273 1902 in
310 1827 446 1906 halles.
474 1835 530 1907 At
564 1833 627 1931 qui
656 1839 753 1911 Arcu
783 1840 1000 1929 utebantur,

227 1928 472 2028 expeditiores
500 1955 601 2010 erant
627 1937 669 2012 ad
696 1940 909 2018 emittendas
940 1948 1001 2018 Sa-

232 2031 369 2134 gittas.
404 2035 576 2128 Johannis
604 2041 761 2118 Villanii
787 2048 905 2120 uerba
923 2044 1001 2120 sunt

230 2135 275 2208 ad
304 2140 450 2214 Annum
493 2144 775 2222 M‘ccxtvt.
805 2147 936 2227 Lib*
968 2176 1000 2225 2.

229 2233 323 2338 Cap.
360 2242 421 2319 66.
461 2244 649 2323 Historiae.
676 2257 778 2325 Aua
815 2254 1003 2326 trentamiln
1034 2223 1069 2300 C

230 2341 365 2414 Arcieri
390 2366 443 2419 rra
467 2349 619 2443 inghileli
636 2378 653 2420 e
671 2354 832 2443 Gualezr',
859 2382 877 2424 e
900 2379 1000 2448 quau-

232 2443 275 2512 do
301 2446 315 2511 i
338 2445 494 2524 Grnoveli
519 2450 740 2530 balestravano
766 2480 827 2522 une
854 2454 997 2539 quadrel-

232 2539 265 2612 ie
306 2542 343 2616 di
381 2548 526 2632 Brlrssrn
538 2585 572 2630 ,·
594 2553 693 2634 nuelli
735 2553 922 2634 (certavere
956 2574 1003 2620 tre

233 2648 344 2720 ,inerte
377 2646 421 2720 co’
438 2655 502 2719 loro
535 2653 643 2722 Archi
652 2704 661 2722 .
698 2651 887 2723 Minuales
925 2671 992 2719 tan-

231 2747 311 2818 tium
351 2747 493 2818 Bilistas
531 2751 656 2819 Serulo
694 2751 757 2816 xl.
787 2745 825 2819 &
864 2751 941 2817 x‘l.
971 2747 998 2818 i·

232 2843 390 2943 gnoralse
430 2842 528 2915 culi
571 2842 770 2932 dicuntur,
808 2872 879 2922 non
918 2853 1001 2920 verb

232 2948 349 3019 Arcus
376 2944 409 3017 dt
440 2942 613 3044 Sagittas.
644 2947 807 3047 Denique
827 2971 865 3023 ut
894 2950 999 3026 intel·

231 3043 346 3145 ligas,
374 3040 509 3121 nullam
538 3046 666 3123 deinde
694 3051 870 3125 rationem
901 3053 1001 3125 habi·

232 3166 305 3220 tam
335 3146 579 3221 Laterancnlrs
607 3150 843 3226 anathematis
871 3155 914 3225 ab
943 3157 998 3224 ln·
1039 3126 1071 3195 D

230 3249 403 3320 nocentio
433 3251 477 3322 11.
507 3252 747 3351 promulgati.
773 3249 867 3329 alter
895 3257 1001 3329 lnno-

163 3401 164 3405 ,
229 3345 368 3423 centius
398 3352 490 3450 Papa
521 3376 646 3452 nempe
674 3352 852 3447 Tertius,
889 3358 1000 3429 Anno

229 3451 442 3526 mcxcix.
478 3475 602 3524 centurn
638 3456 817 3528 archarios
851 3459 1002 3529 eouduu‘r

221 3554 275 3625 ed
295 3552 415 3643 solidor
442 3551 554 3650 (idest
581 3556 617 3627 ai
638 3555 696 3646 sue
718 3558 859 3657 urdo),
886 3577 927 3632 ut
954 3556 1002 3632 est

231 3651 271 3726 in
292 3653 367 3750 ejus
387 3652 475 3728 Vita
496 3682 516 3729 a
537 3656 688 3730 Baluzio
706 3658 802 3732 edita
822 3685 917 3733 num.
941 3683 1001 3756 24.

281 3753 390 3848 Quod
417 3754 464 3830 est
489 3758 531 3831 ad
569 3758 743 3833 militiam
776 3760 999 3835 maritimam

224 3847 417 3932 &classes
453 3884 493 3934 ac
522 3860 656 3958 proelia
695 3860 734 3935 in
776 3860 1000 3951 mari-ablu,

1109 524 1206 596 litore
1222 526 1385 612 vallanda
1400 528 1568 625 acreffiffe:
1586 535 1652 604 Sed
1670 557 1764 626 quum
1785 537 1877 602 Pau·

1108 625 1159 697 lau
1185 629 1398 722 cephaloniae
1424 630 1607 723 Praeseiius
1631 659 1700 703 erem
1723 632 1876 702 Oriente·

1108 727 1137 797 li
1162 725 1252 822 claffe
1270 734 1315 801 ad
1339 731 1499 804 cnsilium
1518 734 1683 807 Dalmatis
1702 733 1875 824 serendum

1109 830 1337 922 adventaret,
1378 834 1487 931 Regin
1524 835 1624 928 claffis
1661 837 1705 908 ad
1740 830 1872 930 propria

1110 934 1309 1026 regreditur.
1330 936 1446 1010 'Haec
1472 935 1512 1009 in
1539 935 1749 1009 Hadriatico
1776 928 1870 1006 mari

1111 1031 1208 1106 abia.
1238 1038 1279 1106 In
1306 1035 1570 1112 Mediterraneo
1596 1063 1736 1136 quoque
1762 1038 1870 1107 Anno

1112 1137 1422 1211 occcxxvllt.
1442 1138 1633 1224 Banifnciur
1648 1151 1755 1209 Comes
1770 1134 1873 1232 (Tu-

1111 1231 1233 1334 sciae)
1260 1239 1311 1309 cui
1336 1240 1438 1310 tutela
1471 1238 1611 1320 Corficae
1647 1239 1775 1329 Insulae
1799 1256 1874 1305 tuuc

1109 1356 1178 1406 erne
1215 1334 1402 1428 commiffn,
1443 1339 1486 1412 de
1526 1336 1656 1413 Tuscia
1693 1334 1876 1413 Corficam

1109 1454 1215 1533 atque
1242 1437 1437 1531 Sardiniam
1475 1445 1584 1530 peruri
1618 1435 1709 1530 claffe
1744 1439 1877 1511 cirrum-

1108 1535 1239 1620 vediur,
1271 1564 1367 1634 quum
1392 1541 1516 1611 nullum
1552 1542 1586 1610 in
1614 1543 1698 1612 mari
1729 1540 1877 1636 piratam

1110 1635 1298 1732 inveuiffer,
1325 1641 1360 1711 in
1386 1641 1536 1730 Africam
1561 1638 1711 1733 trajecit,
1749 1642 1793 1710 θ
1819 1641 1875 1709 irr-

1109 1760 1157 1810 ter
1183 1742 1306 1813 Uticam
1332 1762 1379 1820 θ’
1406 1746 1611 1826 Cartaginem
1636 1737 1793 1836 egreffus,
1822 1738 1876 1809 in·

1111 1869 1270 1917 numeram
1297 1845 1467 1915 incolarum
1494 1845 1735 1916 multitudinem
1766 1839 1878 1932 subito

1112 1968 1328 2041 congregatam
1347 1946 1500 2041 offendis.
1528 1952 1610 2016 Cuur
1636 1971 1700 2040 pua
1719 1942 1766 2022 εἴ)
1782 1963 1875 2038 pree·

1112 2046 1191 2116 lium
1217 2048 1390 2138 conseruit,
1417 2049 1464 2127 &⁴
1491 2048 1652 2142 quinquies
1679 2046 1735 2116 vel
1754 2071 1786 2114 eo
1804 2068 1877 2116 um·

1111 2151 1197 2239 pirus
1215 2150 1321 2239 fresam
1334 2150 1544 2245 fugatamque
1562 2147 1754 2244 profligauit
1769 2173 1787 2232 ,¹
1805 2173 1876 2216 ma·

1107 2252 1235 2341 ,queque
1260 2251 1417 2333 Afrorum
1452 2252 1662 2320 multitudine
1694 2247 1876 2343 prostratdr

1110 2351 1232 2442 aliquos
1266 2352 1362 2420 etiarn
1398 2354 1546 2434 lariorum
1580 2352 1703 2437 {uorum
1738 2369 1796 2438 per
1827 2370 1876 2416 rc-

1109 2449 1284 2520 meritutem
1309 2451 1450 2543 amiffis‚
1478 2452 1512 2522 in
1540 2477 1639 2521 naves
1667 2452 1744 2539 luas
1766 2449 1801 2538 se
1828 2474 1877 2516 rc-
1955 2468 1958 2472 '

1108 2550 1208 2639 cepit.
1236 2557 1349 2638 ,Aeque
1382 2551 1436 2618 boc
1465 2549 1556 2634 sudio
1590 2553 1749 2639 ingentem
1776 2547 1880 2630 Afris

1107 2647 1248 2712 timorem
1283 2646 1424 2732 r'ueuffir.
1461 2648 1562 2713 Haec
1597 2661 1637 2714 ut
1664 2642 1764 2714 rides
1801 2669 1876 2714 non

1107 2741 1180 2837 ejus
1208 2739 1370 2839 ponderis
1397 2740 1498 2823 sunt,
1526 2761 1565 2815 ut
1593 2741 1644 2816 rei
1671 2741 1879 2817 maritimae

1107 2840 1257 2939 gloriam
1287 2842 1507 2930 temporibus
1543 2842 1589 2916 iis
1616 2842 1771 2916 tribuere
1800 2868 1877 2915 me·

1098 2944 1181 3017 ritb
1208 2941 1372 3043 poffimus
1408 2944 1556 3018 Italicae
1592 2944 1711 3044 genti.
1751 2946 1904 3018 Minus.
1951 3017 1955 3024 .

1109 3046 1217 3119 ctiam
1246 3046 1342 3118 vires
1378 3044 1453 3118 suas
1488 3045 1616 3119 deinde
1643 3064 1877 3121 exercuerunt

1108 3145 1145 3219 in
1175 3146 1264 3219 mari
1291 3146 1489 3220 Italicae&
1514 3146 1701 3220 Francicus
1727 3167 1877 3246 gentes,

1109 3274 1218 3343 quum
1246 3251 1379 3320 interea
1407 3247 1600 3322 christiani
1629 3247 1787 3321 nominis
1811 3248 1876 3321 bo·

1109 3348 1170 3422 lies
1206 3347 1377 3449 ejusmodi
1416 3349 1529 3440 studio
1564 3353 1806 3432 excellerent,
1841 3351 1876 3421 &

1109 3451 1228 3525 clalies
1255 3452 1417 3550 ingentes
1455 3453 1624 3525 ducerent
1655 3451 1697 3535 ‚in
1725 3449 1876 3524 Christi·

1109 3555 1268 3625 colarum
1296 3551 1510 3647 perniciem.
1547 3551 1731 3627 Nimirum
1762 3555 1875 3625 Nort-

1110 3654 1261 3734 manni,
1301 3652 1371 3727 five
1412 3654 1586 3729 colluvies
1627 3653 1787 3754 gentium
1831 3653 1875 3726 ad

1112 3755 1290 3828 Balticum
1319 3752 1358 3827 ἃ
1386 3757 1567 3829 Borealem
1600 3759 1752 3829 Pontum
1789 3750 1876 3844 fita,

1111 3854 1307 3929 innumeris
1335 3855 1490 3953 nauigiis
1517 3855 1683 3944 aduebli,
1716 3855 1873 3929 Galliant

223 3953 268 4033 id
294 3958 438 4054 quidem
470 3959 576 4035 uideo
604 3988 676 4035 non
705 3965 860 4036 multum
899 3962 938 4033 in
966 3963 1000 4033 1-
1036 3968 1066 4038 Ε
1112 3954 1183 4027 fere
1219 3951 1449 4037 universa-m,
1484 3953 1727 4054 finitimasque
1763 3956 1880 4074 regio-

230 4056 320 4130 t'alia
346 4077 508 4132 curatum
536 4061 602 4134 effe
630 4060 690 4136 sub
719 4063 875 4162 Regibus
901 4064 999 4136 ‘Lan-

230 4156 424 4256 gobardis,
461 4162 628 4247 Francis,
669 4191 709 4239 ac
744 4162 933 4238 Germanis
960 4187 1000 4237 u·

223 4259 330 4360 ique.
354 4260 398 4335 ad
427 4265 601 4343 ⁴Seculum
639 4269 709 4342 xl.
747 4271 920 4343 Attamen
962 4262 1000 4338 in

233 4365 438 4440 Annalibus
468 4372 683 4444 Francorum
720 4363 1000 4457 ab'tginharro

232 4459 374 4561 scriptis
395 4465 565 4543 habemus
583 4466 626 4542 ad
649 4473 794 4544 Annum
817 4471 998 4545 Dcccx.

232 4567 577 4669 Pi-pplnum..1taliae
598 4574 727 4669 Regem
751 4573 915 4644 Veneriam
933 4569 1000 4643 bel·

220 4668 269 4742 dn
281 4668 393 4744 ‘tend'
405 4673 553 4762 narique
585 4668 750 4770 appetiisse
762 4723 774 4756 ,
805 4673 1002 4766 sudatisque

220 4772 461 4867 venum-dec
486 4773 632 4847 Ducibus
654 4772 725 4872 eins
752 4777 787 4850 in
807 4775 1004 4851 deditionem

235 5080 417 5179 fluenta,
437 5098 547 5190 ibique
567 5100 668 5172 etiarn

1027 4671 1090 4845 ι’

225 4976 287 5101 l']
308 5004 439 5108 ’'l-ege
469 5017 542 5088 Lib.-
568 4974 606 5086 ri
622 5016 715 5168 (Tap.
740 5000 796 5083 66.Ι
823 5017 874 5082 Ita
903 5013 935 5079 in
965 5012 1106 5079 editione
1127 5007 1255 5078 Veneta
1276 5006 1344 5080 An.
1377 5024 1465 5094 1559.
1494 5005 1674 5077 instantibus
1694 5003 1813 5090 Junttis
1832 5000 1876 5096 de*

1112 4080 1172 4128 nes
1199 4052 1297 4152 saepe
1323 4054 1492 4155 augmffi,
1528 4056 1642 4132 immo
1678 4061 1712 4131 δι
1749 4060 1786 4132 in
1823 4083 1881 4148 rp-

1114 4155 1184 4229 sam
1206 4155 1381 4229 interdum
1411 4160 1552 4234 ltaliam
1574 4158 1723 4251 delapfi‚
1751 4155 1879 4228 cunila

1114 4255 1283 4355 praedae,
1311 4260 1474 4350 caedibus
1494 4287 1533 4332 ac
1552 4260 1726 4332 incendiis
1753 4255 1882 4350 suppo-

1116 4357 1210 4433 suere
1252 4361 1397 4434 Saeculo
1438 4360 1558 4434 nt&
1590 4363 1619 4428 x
1672 4359 1726 4428 Ex
1768 4356 1882 4433 altera

1117 4479 1215 4558 parte
1235 4462 1418 4542 Saraceni,
1446 4457 1670 4531 immanes&
1701 4456 1762 4555 ipfi
1792 4456 1881 4529 ‹las-

1116 4561 1165 4636 ses
1192 4563 1230 4636 in
1257 4560 1489 4651 Hispaniam,
1526 4556 1708 4642 Siciliam,
1744 4562 1776 4633 dc
1806 4562 1881 4634 Ca-

1113 4662 1288 4740 labriam,
1327 4656 1366 4732 &
1411 4658 1640 4735 fraxinetum
1679 4662 1877 4746 advexere,

1113 4766 1226 4860 iique
1267 4758 1471 4860 regionibus
1512 4760 1654 4864 potiti,
1699 4767 1880 4863 requuunt

1173 4904 1178 4927 ι
1751 4871 1822 4940 lta·

713 5097 824 5167 abetur
844 5093 982 5181 Gualefi,
1002 5115 1067 5165 non
1089 5092 1233 5162 Gualeur'.
