4214 6014
369 350 450 448 3⁶7
631 330 1075 452 aucteurs.
1128 330 1631 424 munitate]
1803 331 1889 449 era

304 453 432 544 pollica
470 455 535 524 DE
577 454 747 526 ROMA.
787 449 826 525 ἃ
864 456 988 527 literae
1026 458 1069 527 V.
1112 457 1146 528 A
1180 454 1262 523 dens
1283 477 1363 523 cum
1391 450 1580 552 epigraphe
1608 453 1850 547 BONIFAT.
1872 454 1947 527 PP.

305 559 347 626 R.
375 555 414 626 Β.
444 554 470 625 Ι.
498 551 536 628 δι
563 552 725 652 geminae
752 554 916 628 rosulae.
951 553 1069 628 Ell&

304 658 402 755 alter
421 652 546 729 fimitis
572 653 642 728 fine
668 655 870 740 clavicula,
905 656 962 731 led
988 682 1069 733 cum

305 756 352 832 Τ.
379 756 417 830 in
445 757 563 830 antica
590 756 630 831 bc
659 757 814 856 postica.

356 859 553 960 Vigesrmus
595 859 764 958 septimus
807 877 990 961 argenteus
1033 887 1069 934 a·

304 963 375 1061 pud
403 963 577 1052 Scillam,
604 965 636 1035 tc
661 965 910 1037 Ploravantem
938 961 1070 1065 spcSlat

305 1064 348 1136 ad
378 1071 539 1137 Urbanum
568 1069 622 1135 Vl.
653 1069 804 1162 Papam,
831 1069 941 1139 Anno
960 1065 1068 1140 Chri-

305 1165 345 1238 lli
373 1160 729 1243 Mcchxxvttt.
766 1166 939 1242 eleblum.
977 1168 1070 1241 vifi-

304 1268 442 1343 turibi
480 1268 589 1368 ligura
628 1271 740 1366 Papae
775 1267 952 1350 sedentis.
989 1294 1069 1342 cum

1182 556 1376 629 NONVS.
1413 554 1452 628 ln
1488 553 1606 628 aversa
1646 573 1744 653 parte
1780 554 1868 628 cisra
1899 551 1951 630 ad

1179 653 1329 728 formam
1357 653 1522 736 incudis,
1556 652 1596 731 ἂ
1624 658 1786 755 geminae
1811 654 1949 733 clares

1180 756 1373 831 decussatae
1419 780 1499 828 cum
1552 758 1668 832 literis
1712 753 1950 836 SANLTVS

1182 849 1394 931 PETRVS.
1946 888 1951 895 ·

1231 958 1450 1058 Trigesrmus
1470 957 1597 1034 tertius
1619 979 1800 1061 argenteus
1820 961 1947 1038 aScil-

1180 1062 1216 1136 la
1242 1062 1384 1142 editus,
1422 1065 1551 1160 Papam
1590 1061 1763 1137 sedentem
1799 1064 1946 1140 exhibet

1182 1189 1262 1236 cum
1309 1164 1425 1237 literis
1468 1166 1705 1240 RONlFAT.
1754 1168 1820 1241 PP.
1860 1168 1950 1241 NO-

1184 1265 1316 1338 NVS.
1357 1266 1483 1336 Altera
1532 1262 1638 1337 facies
1681 1267 1786 1342 habet
1835 1272 1953 1343 SAN-

304 1369 495 1469 epigraphe
516 1372 753 1444 VRBANVS
775 1374 843 1446 PP.
863 1374 1069 1446 SEXTVS.
1120 1367 1147 1437 B
1183 1368 1314 1439 CTVS
1342 1367 1557 1437 PETRVS.
1594 1365 1691 1442 lnter
1717 1368 1839 1440 literas
1867 1394 1952 1442 con-⁶

303 1473 433 1545 Altera
460 1470 568 1545 sacies
606 1473 712 1547 habet
739 1471 892 1549 Crucem
921 1476 956 1546 sc
984 1498 1069 1569 qua-

306 1591 389 1646 tuor
405 1573 499 1671 paria
510 1570 781 1647 Clericularum
795 1575 1045 1648 decullatarum
1058 1627 1069 1663 ,

305 1696 345 1748 ac
372 1673 494 1750 literas
521 1678 750 1751 SANCTVS
780 1679 988 1748 PETRVS.

356 1775 752 1875 Vigestmusustavus·
788 1775 851 1871 qui
888 1774 932 1847 est
957 1773 1070 1850 otta-

303 1901 369 1948 vus
410 1879 506 1949 inter
546 1875 793 1976 Baluzianus,
834 1876 988 1973 pertinet
1028 1875 1070 1950 ad

304 1981 497 2049 Clementem
543 1982 615 2048 Vll.
658 1976 875 2071 Antipapara
917 1976 1070 2050 elesium

304 2083 416 2153 Anno
442 2075 587 2165 Christi¹
607 2081 960 2156 Mcccuxxvut.
991 2080 1072 2152 lllic

305 2179 431 2253 visitur
457 2180 531 2280 ejus
556 2176 690 2278 efligies
709 2205 790 2253 cum
819 2179 934 2254 literis
954 2183 1072 2258 CLE-

1186 1464 1335 1565 spicitut
1371 1485 1477 1561 caput
1515 1467 1638 1538 Mauri
1675 1469 1861 1559 hominis,
1899 1489 1977 1544 at··

1185 1592 1253 1666 que
1294 1567 1333 1639 in
1376 1591 1454 1639 area
1497 1565 1576 1640 sunt
1617 1571 1779 1669 geminae
1819 1568 1955 1646 Claves

1181 1667 1401 1742 decussatae.

1232 1767 1470 1869 Trigesrmum
1522 1790 1686 1868 quartum
1739 1790 1948 1872 argenteum

1181 1870 1290 1944 Scilla
1316 1870 1521 1970 evulgavit.
1550 1872 1604 1947 lbi
1634 1893 1795 1967 protome
1824 1877 1949 1970 Ponti·

1183 1969 1261 2046 ficis
1301 1976 1334 2044 δι
1378 1974 1566 2073 epigraphe
1607 1977 1843 2050 BONlFAT.
1883 1981 1952 2052 PP.

1185 2078 1229 2149 Ν.
1262 2073 1395 2148 Pollica
1424 2076 1529 2150 habet
1556 2080 1609 2150 IN
1641 2083 1811 2171 ROMA,
1839 2082 1870 2152 a
1902 2079 1949 2152 li·
1989 2119 1993 2127 ·

1183 2193 1275 2250 teras
1302 2176 1344 2249 ad
1374 2176 1521 2252 sormam
1550 2181 1677 2254 Crucis
1705 2187 1750 2255 V.
1782 2188 1822 2255 R.
1852 2183 1889 2255 Β.
1921 2185 1949 2254 l.

306 2285 446 2361 MENS
464 2286 530 2356 PP.
547 2284 758 2356 sertlvs
780 2282 820 2356 ln
843 2281 968 2380 postica
984 2281 1074 2358 Cla·
1112 2293 1146 2366 c
1239 2278 1479 2379 Trigesrmum
1530 2282 1696 2380 quintum
1749 2303 1953 2383 argenteum

304 2409 366 2458 ves
393 2387 587 2484 &lemma
613 2387 843 2458 SANCTVS
875 2388 1074 2460 PETRVS.

360 2488 558 2585 vigesimus
585 2498 925 2585 nonusargenteus‘,
945 2513 964 2560 a
985 2489 1074 2560 Scil-

307 2590 342 2662 la
371 2588 581 2688 produslus,
612 2586 783 2661 sedentem
813 2588 959 2662 exhibet
983 2587 1074 2666 Cle·

1189 2379 1298 2454 Scilla
1327 2383 1507 2477 protulit,
1545 2411 1624 2457 cum
1664 2388 1851 2460 Pontrfirls
1879 2387 1956 2480 rju-

1184 2481 1280 2554 sdem
1312 2505 1474 2583 protome
1501 2512 1540 2558 ac
1568 2486 1683 2561 literis
1714 2492 1780 2561 PP.
1804 2492 1843 2562 B.
1865 2492 1955 2562 NO-

1182 2587 1299 2659 NVS.
1328 2591 1368 2657 ln
1394 2586 1521 2683 poliica
1544 2592 1606 2660 DE
1629 2593 1948 2671 macerata,

309 2709 465 2762 mentem
506 2690 617 2775 ipsum
658 2715 736 2760 cum
775 2688 838 2760 hac
874 2690 1074 2783 Epigraphe
1180 2703 1286 2779 atque
1322 2686 1359 2755 in
1390 2688 1507 2756 medio
1536 2693 1579 2756 Α.
1609 2688 1733 2783 ltaque
1771 2690 1946 2788 perculsus

307 2795 548 2866 CLEMENS
576 2793 642 2858 PP.
672 2791 934 2858 SEPTIMVS.
967 2787 1074 2860 Polli·

307 2915 349 2962 ca
376 2886 481 2960 habet
507 2887 592 2959 duas
620 2884 753 2961 Claves
780 2885 970 2960 decussatae
993 2913 1072 2959 cum

1179 2780 1249 2854 suit
1276 2781 1313 2854 in
1340 2781 1506 2857 Ciuitate
1534 2785 1756 2862 Maceratae.

1231 2883 1447 2982 Trigesrmus
1487 2885 1603 2961 sextus
1640 2892 1730 2988 apud
1772 2889 1947 2975 Scillam,

309 2989 426 3068 literis
480 2989 712 3062 SANCTVS
768 2988 957 3062 PETRVS
1006 2991 1074 3063 ET
1181 3010 1325 3068 aeteus.
1353 2987 1566 3087 Triregnum
1596 2991 1742 3066 exbibet
1779 3018 1858 3066 cum
1900 2994 1950 3067 li·

310 3093 543 3167 PAVLVS.
584 3089 690 3167 Alter
731 3091 909 3166 Nummus
950 3087 1107 3166 similist
1153 3089 1268 3162 ..tetis
1295 3089 1332 3159 in
1360 3091 1475 3161 limbo
1504 3093 1542 3163 Β.
1573 3096 1639 3165 PP.
1673 3098 1866 3168 NONVS.
1896 3101 1953 3169 A·

308 3192 434 3267 visitur
470 3189 561 3291 apud
599 3192 876 3279 Ploravantem,
912 3192 973 3263 ubi
1011 3218 1074 3290 pro
1113 3181 1148 3250 D
1183 3186 1300 3258 versae
1347 3189 1455 3284 partis
1501 3217 1614 3261 arcam
1658 3197 1756 3266 (tux
1798 3212 1953 3295 occupat

307 3294 469 3390 Septimus
494 3291 626 3391 legitur
654 3293 872 3364 SEPTlVS.

1182 3312 1262 3360 cum
1294 3287 1408 3361 literis
1440 3293 1501 3361 DE
1531 3297 1717 3367 FlRMO.
1747 3299 1781 3368 A
1809 3299 1953 3372 Firma·
2026 3294 2029 3299 ’

312 3397 316 3403 ’
359 3385 577 3496 'l'rigesrmus
622 3394 712 3465 alter
761 3396 939 3468 Nummus
985 3393 1075 3494 apud
1182 3389 1238 3462 nis
1267 3389 1365 3463 rusus
1393 3391 1437 3464 esi
1466 3392 1524 3465 hic
1553 3398 1756 3471 Nummus.

308 3500 560 3571 Floravantem
590 3494 737 3570 exhibet
762 3497 909 3569 Tiaram
950 3496 1076 3570 Pontis

1235 3490 1452 3592 Trigestmus
1480 3493 1677 3580 septimus,
1707 3499 1843 3596 quiesi
1872 3504 1952 3575 No·

307 3600 451 3689 liciam,
478 3597 536 3673 cui
564 3595 671 3670 subell
700 3594 831 3697 insigne
850 3597 1074 3699 gentilitium
1182 3620 1247 3671 nus
1275 3595 1368 3668 inter
1396 3596 1631 3689 Baluzianos,
1668 3601 1815 3676 exhibet
1843 3611 1948 3675 Bene-

306 3726 388 3776 cum
428 3699 544 3775 literis
584 3701 823 3774 CLEMENS
860 3703 928 3774 PP.
975 3704 1075 3775 SEP-

304 3804 444 3876 TIVS.
472 3802 513 3876 ln
542 3803 650 3874 altera
677 3803 708 3874 S.
734 3802 855 3874 Petrus
882 3829 962 3875 curn
990 3803 1075 3877 lite·

304 3904 353 3978 ris
381 3910 413 3978 S.
442 3908 632 3978 PETRVS
658 3906 972 3978 APOSTOLVS.

1178 3695 1303 3768 dissum
1332 3705 1425 3772 lllll.
1456 3698 1672 3803 Antipapant
1695 3703 1846 3778 clettam
1869 3711 1948 3778 An·

1181 3823 1229 3869 no
1273 3796 1407 3870 Chrilii
1454 3804 1734 3877 MCCCXClV.
1770 3806 1824 3879 lbi
1872 3805 1948 3906 spe·

1180 3898 1274 3970 blare
1287 3917 1384 3992 potes
1395 3900 1494 3972 illius
1505 3902 1658 4000 effigiem
1673 3907 1727 3994 ,sc
1741 3905 1948 4003 inscriptio·

357 4004 575 4101 Trigesrmus
604 4005 737 4093 primus
764 4004 854 4097 apud
882 4002 1103 4087 eumdem„
1153 4023 1258 4083 ¹netu
1298 3999 1553 4075 BENEDICT
1590 4006 1656 4077 PP.
1693 4009 1886 4083 TRDEM.
1916 4011 1948 4084 i.

304 4105 453 4179 Tincam
485 4103 713 4176 Pontificiam
751 4101 1071 4197 exhibettriplici
1111 4084 1154 4152 E?
1178 4096 1249 4169 dest
1275 4103 1404 4171 Tertius
1429 4105 1588 4178 decimus.
1626 4108 1666 4180 ln
1701 4109 1828 4207 postica
1857 4108 1947 4182 Cla.

239 4224 241 4228 ’
304 4231 458 4297 corone,
496 4228 537 4278 ac
564 4202 672 4277 teniis
709 4199 941 4301 pendentibus
968 4229 1071 4274 orna·

305 4328 403 4384 tam:
431 4303 601 4404 utrinque
639 4329 765 4403 parvae
791 4300 924 4384 Claves
951 4303 1070 4376 decus·

305 4409 423 4487 satae.
459 4408 499 4485 ln
529 4409 647 4482 ⁴altera
673 4402 806 4482 Claves
843 4407 1067 4480 cancellatim

303 4509 488 4606 dispofirae
531 4508 781 4613 &alligatae
828 4534 907 4583 cum
952 4506 1069 4583 literis

302 4608 535 4688 SANC'l'VS
555 4616 746 4686 PETRVS
766 4614 832 4684 ΕΤ
850 4613 1068 4685 PAVLVS.

353 4714 571 4815 Trigelimue
607 4713 777 4791 secundus
813 4734 996 4814 argenteus
1028 4739 1067 4786 a·

303 4819 372 4916 pud
411 4819 555 4893 Scillarn
594 4817 749 4918 pertinet
785 4814 827 4887 ad
865 4814 1068 4903 Bonifatium

305 4925 364 4990 tx.
401 4924 557 5006 Papam,
594 4918 745 4993 elusium
786 4919 895 4990 Anno
932 4915 1065 4995 Christi

1180 4224 1239 4271 ves
1267 4226 1346 4272 cum
1384 4203 1500 4278 literis
1528 4211 1726 4284 SANTVS
1755 4215 1944 4285 PETRVS

1179 4303 1246 4374 ET
1276 4305 1495 4381 PAVLVS.

1231 4404 1447 4505 Trigelimus
1497 4410 1643 4488 ottavtn
1691 4427 1877 4508 argenteus
1923 4440 1945 4489 a
1987 4449 1993 4453 ·

1178 4505 1286 4581 Scilla
1323 4510 1553 4584 recensetur.-
1593 4509 1648 4583 lbi
1692 4512 1784 4606 Papa
1827 4512 1945 4591 sedens

1178 4634 1259 4680 cum
1310 4607 1425 4683 literis
1474 4614 1827 4690 lNNOCENTlVS
1873 4620 1945 4694 PP.

1180 4714 1261 4781 Vll.
1298 4709 1441 4782 isfuit
1481 4711 1613 4786 eledlus
1656 4719 1768 4789 Anno
1806 4719 1940 4797 Christi

1178 4812 1422 4883 MCCCCIV.
1453 4816 1492 4884 ln
1527 4814 1655 4908 postica
1693 4817 1781 4892 duae
1807 4824 1939 4899 Claves

1174 4904 1390 5001 decussatae,
1418 4916 1703 4993 &SANCTVS
1732 4924 1942 5000 PETRVS.

303 5021 653 5133 MCCCLxxle.
695 5018 829 5104 Vilitur
881 5022 972 5123 Papa
1012 5016 1063 5097 se·
1174 5017 1285 5095 atter
1319 5015 1443 5094 similis
1482 5020 1630 5108 visitur,
1668 5023 1791 5098 addito
1828 5029 1946 5121 capite

1655 5133 1662 5148 ’
1773 5120 1893 5202 homi-
