4214 6014
288 434 379 521 7¹7
560 401 931 492 Drstrrc'rnrro
975 392 1528 493 VIGESIMASEPTIMA;
1736 389 1821 502 718

218 517 285 594 hae
313 525 444 596 literae
485 525 518 595 S.
547 520 802 606 §sancero
829 576 991 599 .....
1029 526 1059 594 Α

200 623 319 714 ,ΕΡᾶ
348 622 433 696 idest
462 625 661 720 Episcopus.

276 725 383 797 Alter
410 727 588 799 Nummus
614 753 731 806 aereus
767 727 922 803 anticam
951 725 987 800 fi·

223 823 346 898 rnilem
385 828 604 923 praecedenti
642 827 814 902 ostendit.
862 833 900 903 ln
930 858 986 920 po·

220 923 304 999 ilica
324 925 458 1023 legitur
483 931 636 1001 ClViras
660 935 992 1005 florebimu-

224 1033 307 1128 plex
336 1046 452 1101 autem
480 1032 648 1101 Clareeria
674 1033 777 1105 nobis
812 1034 991 1107 occurrit.

223 1132 351 1202 Altera
378 1128 416 1203 ln
444 1155 590 1232 magnae
619 1134 823 1208 Britanniae
845 1137 992 1234 Regno,

225 1231 408 1328 Oppidum
447 1231 617 1308 videlicet
656 1235 693 1310 in
740 1237 885 1335 regione
915 1235 986 1310 Sus-

224 1328 373 1406 soleiae.
409 1328 573 1409 Celebris
601 1335 640 1408 iu
669 1337 773 1410 ltalia
800 1336 871 1410 suit
898 1341 989 1413 Leo

1176 654 1181 660 ·
1229 619 1559 693 FRANCORUM
1587 616 1760 692 REGES.

1188 821 1317 924 Gregie
1375 822 1570 898 Historiam
1628 818 1878 900 Nummariam

1218 931 1350 1024 Regum
1391 931 1603 1000 Francorum
1643 953 1664 998 a
1700 920 1879 1000 DuCau·

1110 1054 1192 1127 gro,
1221 1027 1276 1099 sed
1308 1027 1506 1125 praesertim
1529 1054 1548 1101 a
1568 1030 1621 1101 Le
1641 1027 1775 1100 Blanco
1801 1050 1879 1124 per-

1111 1127 1295 1202 tradloram
1344 1130 1530 1203 habemus.
1581 1133 1752 1201 Attamen
1789 1149 1878 1223 quae

1111 1256 1218 1327 pauca
1256 1230 1288 1302 le
1326 1229 1415 1303 mihi
1452 1231 1671 1309 obtulerint,
1712 1233 1751 1302 in
1788 1230 1878 1304 haue

1110 1357 1182 1404 tem
1213 1330 1365 1428 prolerre
1394 1358 1463 1405 non
1493 1331 1726 1429 incongruum
1770 1350 1880 1427 puto.

224 1434 362 1515 uellus,
398 1432 467 1509 five
506 1441 702 1512 Leonettus
732 1441 812 1513 Dux
840 1436 992 1512 Clareo·
1032 1431 1060 1502 Β
1165 1436 1297 1508 Romae
1320 1435 1368 1533 ¹ia
1398 1433 1523 1506 Museo
1549 1431 1741 1508 dosliffimi
1770 1429 1881 1528 Equi-

224 1535 319 1622 tiae‚
350 1537 454 1634 Regis
481 1541 637 1638 Angli-ae
665 1539 788 1630 iilius,
823 1542 885 1637 qui
917 1547 991 1614 An·

224 1661 274 1708 no
308 1634 445 1711 Chrilli
483 1644 802 1716 mcchxvttt.
843 1642 992 1715 Violan-

225 1755 300 1810 tem
339 1741 496 1813 Galeatii
535 1746 580 1814 11.
608 1743 846 1817 Vicecomitis
878 1741 991 1818 filiam

224 1835 374 1912 solemni
402 1861 569 1939 apparatu
597 1871 741 1918 uxorem
770 1843 893 1918 duxit:
924 1872 992 1941 qua

224 1941 268 2013 de
304 1966 341 2014 te
378 1944 476 2038 plura
513 1945 680 2019 habemus
721 1947 811 2044 apud
843 1946 993 2021 Histori-

226 2068 287 2114 cos
315 2044 620 2121 Mediolanenses.
651 2050 813 2121 Alteram
841 2045 991 2122 Claren-

224 2142 337 2225 tiam,
377 2148 532 2221 Ducatus
583 2175 725 2247 quoque
767 2151 878 2223 titulo
915 2150 992 2224 inlr·

225 2270 356 2344 gnem‚
399 2249 488 2320 olim
529 2250 786 2341 Peloponnesus
833 2255 993 2325 nbrrera-

1111 1533 1158 1607 tis
1196 1533 1369 1608 Francisci
1419 1534 1576 1610 victorii
1620 1531 1798 1610 Nummus
1815 1546 1880 1607 'ar-

1110 1656 1255 1733 genteus
1296 1635 1452 1728 exfistst,
1495 1664 1598 1737 quem
1648 1635 1690 1710 ad
1730 1639 1881 1708 carolum

1111 1742 1272 1832 Magnum
1312 1737 1463 1833 sprblare
1501 1739 1638 1836 prorsus
1675 1738 1764 1811 mihi
1803 1763 1880 1835 pet·

1111 1836 1256 1912 suadeo.
1296 1844 1458 1938 Eumque
1495 1841 1676 1914 lubentius
1719 1838 1880 1938 profero,

1110 1939 1203 2029 qubd
1241 1939 1404 2039 ignotum
1449 1941 1762 2014 animadverterim
1808 1944 1881 2015 Le·

1112 2041 1272 2129 blanco,
1307 2043 1350 2113 de
1389 2045 1558 2115 Nummts
1597 2047 1732 2140 Regum
1772 2038 1881 2114 Fran·

1111 2167 1231 2216 corum
1259 2143 1396 2240 optime
1425 2143 1575 2217 merito.
1619 2148 1658 2216 ln
1696 2169 1762 2216 una
1790 2138 1881 2221 facie

1112 2244 1242 2342 legitur
1269 2245 1529 2320 CAROLVS.
1570 2248 1610 2318 ln
1657 2247 1767 2319 altera
1795 2250 1881 2318 verb

226 2346 309 2436 bat,
351 2373 455 2445 quam
493 2354 659 2427 nonnulli
689 2352 872 2448 antiquam
901 2351 992 2444 Cyl·
1032 2369 1065 2443 (ζ
1113 2348 1215 2429 DNS·
1247 2349 1420 2420 Dvmlw·
1465 2351 1505 2420 1¹¹
1546 2346 1735 2438 Iustisne,
1771 2372 1815 2419 ²⁰
1841 2344 1882 2419 5¹¹

226 2448 342 2522 lenem
373 2447 449 2524 lunt
477 2453 662 2529 arbitrati.
705 2457 763 2529 Ad
800 2456 889 2526 hanc
926 2452 993 2529 Cl-

226 2548 377 2623 vitatem
407 2555 524 2648 potilrs
552 2554 769 2630 referendum
791 2557 856 2631 esse
879 2561 994 2631 Num·

227 2675 325 2724 mum
355 2655 556 2751 conjeslura
585 2686 659 2732 mea
682 2660 857 2746 inclinat,
885 2685 993 2755 quum

227 2752 260 2825 ei
289 2753 557 2830 dominarentur
583 2761 672 2832 olim
701 2759 751 2833 sui
786 2760 995 2857 Principes,

227 2851 285 2927 seu
315 2858 451 2940 Duces,
488 2886 531 2932 ex
568 2863 755 2934 Gallorum
795 2861 883 2954 (uti
916 2864 996 2959 opi-

227 2957 329 3053 nor)
357 2959 458 3055 llirpe
487 2961 685 3061 progeniti.
724 2963 811 3035 Vidi
840 2959 876 3036 dt
907 2966 996 3037 alte·

225 3083 305 3130 rum
354 3062 552 3135 Nummum
609 3064 647 3138 in
698 3064 820 3138 endem
870 3063 997 3138 Museo

226 3153 474 3258 Chiappinio‚
522 3165 780 3240 Turonensrum
830 3164 995 3239 fimiliru-

1111 2449 1251 2533 Gallia,
1294 2448 1465 2550 perculsus
1507 2446 1615 2524 suerit
1663 2448 1721 2523 hic
1764 2451 1883 2523 Num·

1113 2576 1217 2633 mus,
1244 2577 1361 2649 quove
1381 2571 1540 2651 tempore
1560 2580 1603 2627 ex
1625 2551 1771 2626 officina
1792 2548 1880 2625 Mo-

1113 2652 1248 2726 netaria
1277 2652 1474 2744 prodierit,
1503 2682 1573 2729 non
1601 2655 1738 2754 liquet.

1159 2755 1360 2838 'Secundum
1404 2760 1601 2831 Nummum
1650 2774 1881 2857 argenteum,

1113 2857 1211 2927 nulla
1247 2883 1290 2929 ex
1330 2877 1426 2949 parte
1463 2861 1655 2949 attritum,
1698 2857 1882 2932 visendum

1115 2954 1204 3029 mihi
1233 2959 1369 3030 obtulit
1397 2957 1493 3055 saepe
1521 2961 1681 3035 laudatus
1704 2965 1882 3034 Reveren-

1113 3055 1270 3131 diffimus
1316 3055 1558 3158 Chiappinius
1605 3063 1746 3136 Abbas.
1797 3065 1888 3134 Per·
1980 3154 1984 3163 ‚

1113 3186 1218 3254 quam
1248 3158 1396 3234 similem
1434 3163 1643 3238 exhibuerat
1679 3183 1782 3238 antea
1809 3170 1882 3238 Le·

226 3260 345 3333 dinem
376 3264 651 3361 praeferentem,
678 3268 733 3342 sed
757 3267 997 3342 litterisadeo
1035 3283 1069 3352 D
1115 3265 1287 3335 Blanrus.
1330 3267 1370 3336 ln
1418 3267 1534 3339 antici
1562 3268 1729 3366 leguntur
1755 3266 1883 3339 literae

142 3431 143 3434 ,
228 3363 386 3445 attritis,
423 3385 462 3437 ut
500 3371 543 3438 ab
578 3394 621 3438 eo
658 3369 858 3464 evulgando
894 3369 995 3440 abili·

226 3463 389 3536 nuerim.
431 3464 487 3538 lbi
524 3469 662 3539 tantum
706 3467 904 3565 supererant
933 3467 998 3541 hae

227 3565 389 3638 literae.
418 3618 464 3638 ..
493 3621 539 3640 ..
578 3572 608 3639 X
647 3621 732 3643 ...
769 3572 996 3668 ATENE33

227 3691 269 3738 ae
317 3666 464 3755 proinle
510 3661 702 3767 suspicatus
753 3668 827 3751 sui,
873 3674 998 3743 Seculo

207 3763 364 3840 *chnut
407 3769 555 3842 Decimo
591 3795 719 3868 quarto
755 3799 774 3845 a
809 3772 999 3845 Gualterio

226 3868 452 3944 Athenarum
485 3878 583 3947 Duce
602 3871 760 3960 famoso,
788 3900 891 3972 quem
915 3877 998 3946 Flo·

229 3970 362 4043 rentini
385 3972 586 4071 improvide
610 3975 669 4049 fibi
698 3979 891 4050 Dominum
914 4002 999 4049 con-

224 4070 418 4166 stitutum.
455 4077 603 4173 provide
637 4077 779 4150 tandem
817 4079 998 4170 dejecere,

1113 3368 1178 3436 CA
1190 3368 1369 3437 ROLVS.
1412 3369 1452 3438 ln
1480 3365 1608 3463 postici
1637 3372 1717 3439 erl
1746 3372 1886 3440 Franco-

1116 3465 1233 3534 rvM:
1280 3464 1333 3535 ita
1373 3483 1412 3538 ut
1448 3464 1552 3538 culus·
1576 3468 1738 3540 videatur
1768 3473 1884 3541 Num-

1116 3590 1192 3636 mus
1243 3584 1324 3637 ante
1379 3570 1525 3638 Annum
1576 3563 1710 3640 Christi
1765 3571 1886 3642 DCC-

1118 3666 1284 3738 Lxxtv.
1322 3663 1389 3738 hoc
1421 3666 1474 3740 eh
1512 3686 1700 3766 antequam
1728 3664 1884 3744 Carolus

1117 3773 1331 3942 dfrgneorum
1352 3772 1476 3869 Regno
1495 3771 1807 3871 Langobardicum
1823 3768 1885 3845 ad-

1141 3895 1152 3943 t
1180 3890 1269 3944 errt.

1167 3971 1335 4046 Tertium
1362 3993 1566 4069 argenteum
1605 3973 1760 4073 poffideo
1791 4001 1884 4078 ego,

1115 4071 1154 4146 in
1192 4074 1290 4170 eujus
1326 4074 1445 4148 antica
1481 4075 1569 4152 illud
1608 4076 1887 4179 Monogramma

227 4193 288 4246 aut
316 4176 358 4246 ab
386 4175 459 4269 ejus
487 4178 679 4274 majoribus
701 4179 914 4272 perculsum.
942 4178 996 4253 llli
1036 4182 1065 4251 E
1116 4190 1282 4272 apparet:
1311 4180 1458 4266 ΕΒΗ,
1486 4207 1612 4278 nempe
1639 4186 1799 4262 Carolus,
1826 4179 1884 4252 rel

229 4299 370 4371 quoque
407 4281 630 4352 Athenarum
678 4283 793 4354 Duces
835 4306 853 4353 e
893 4299 998 4381 gente

228 4377 368 4450 Gallica
397 4379 623 4461 prodierunt.

284 4480 323 4548 ln
368 4479 491 4556 Museo
542 4482 792 4558 Bertacchinio
834 4481 998 4559 Mutinae

230 4575 433 4654 adservatur
459 4585 545 4658 irem
574 4607 758 4682 argenteus
796 4589 998 4676 Nummus,

225 4677 265 4753 in
293 4682 391 4777 cujus
414 4685 552 4778 auriol,
580 4691 621 4760 ad
645 4686 901 4763 Turonenfium
926 4689 997 4761 lor-

227 4806 321 4853 mum
351 4782 528 4883 effigiata,
557 4788 688 4886 legitur
712 4810 852 4864 tantum
874 4793 996 4866 CLA-

229 4884 447 4962 RENTlA.
477 4885 845 4993 Inscriptio-posticae
868 4890 997 4995 periit.

1116 4279 1257 4375 carlus.
1287 4279 1327 4349 In
1356 4279 1470 4350 limbo
1506 4281 1638 4379 legitur
1656 4283 1885 4354 ,ME-TVL-

1117 4380 1206 4451 LO.
1234 4380 1458 4453 Le-Blancus
1484 4379 1526 4455 de
1555 4383 1724 4455 Nummis
1758 4378 1887 4464 Caroli

1117 4477 1247 4580 Magni
1275 4506 1402 4580 agens,
1428 4480 1523 4556 tellis
1550 4480 1595 4556 ell
1624 4484 1801 4555 Marullum
1826 4508 1888 4557 oc·

1118 4608 1254 4758 currpere
1280 4578 1499 4760 ihelgdell
1534 4582 1889 4763 gagoli‚NLudoyi·

1119 4709 1152 4756 cr
1211 4709 1261 4769 u,
1413 4712 1501 4762 aror
1575 4713 1648 4761 avr
1731 4711 1887 4761 ummts·

1117 4787 1149 4855 u
1182 4784 1256 4886 poll
1283 4786 1533 4877 Sirmondum‚
1560 4809 1666 4888 atque
1687 4751 1888 4865 Henrieunl

1119 4887 1319 4977 Valehum,
1347 4886 1532 4988 significari
1562 4889 1628 4964 hoc
1656 4890 1802 4964 nornine
1826 4919 1890 4988 pu-

1118 5007 1171 5063 tat
1217 4989 1357 5060 Mullum
1409 4989 1639 5067 Pisiaviensrs
1679 4990 1890 5069 Provinciae

1116 5091 1322 5196 Oppidum,
1359 5090 1417 5169 seu
1461 5091 1607 5194 vicum,
1648 5094 1791 5274 EgoNin
1820 5093 1888 5170 hoe

1758 5219 1837 5272 lim·
