4214 6014
245 350 330 450 ως
459 304 959 458 'encratitis
1008 332 1512 429 strorrarrt

188 455 346 550 excipias
372 457 544 529 Monetae
578 454 823 550 mentionem,
858 455 954 532 nihil
994 459 1031 535 A

185 554 224 628 in
261 554 471 656 Diplomote
505 557 663 633 occurrit
697 558 819 654 mihi,
860 558 956 658 quod

1688 342 1778 435 'crs

1064 457 1107 531 de
1126 456 1200 557 ejus
1228 453 1296 530 fide
1323 453 1555 553 suspicionem
1603 460 1715 537 criste
1745 486 1837 566 quo·

1062 585 1100 634 re
1127 555 1369 660 cuulgundom'
1392 554 1471 634 heic
1496 585 1560 637 cett
1577 553 1636 660 ui.

184 802 377 927 Diploma
401 805 574 927 ⁴ottonis
614 816 690 902 111.
731 778 1008 928 imperatoris,
1048 841 1131 928 quo
1161 811 1447 900 confirmentur
1486 782 1679 902 Ecclesiae
1710 756 1837 904 Man·-

206 1014 210 1021 ,
329 952 471 1027 tusone
502 929 639 1031 onsoie¹
669 928 776 1019 illios
807 933 893 1044 jura
923 939 962 1018 δι
994 930 1233 1046 Privilegia‚
1264 939 1389 1019 Anno
1419 931 1566 1019 Christi
1595 965 1698 1046 997.

140 1232 145 1237 .
232 1170 271 1240 N
285 1131 417 1237 'nomine
434 1128 572 1240 b'anbiae
594 1116 642 1247 &i
662 1167 856 1242 individuae
874 1169 954 1241 Tri-

234 1267 395 1342 atrato.
415 1270 509 1341 Otto
527 1269 646 1341 divina
664 1269 799 1360 savente
821 1273 954 1344 clemen·

184 1372 235 1439 tt'a
256 1371 507 1443 'Romanorum
536 1373 730 1468 Imperator
758 1373 982 1474 Augustus..

182 1469 223 1540 Si
258 1469 293 1540 in
322 1471 453 1549 sacratis
488 1473 696 1567 omnipotenti
732 1480 800 1547 Deo
834 1475 955 1548 latito

183 1571 377 1667 quibuslibet
401 1573 578 1666 desolatis,
605 1578 848 1671 recuperationis
872 1600 954 1671 aug·

185 1695 331 1744 mentum·
361 1675 414 1769 pio
443 1677 559 1767 severe
584 1677 742 1772 largimur
754 1725 766 1757 ,
801 1678 839 1748 id
864 1677 954 1748 nobis

186 1774 231 1843 (θ’
255 1777 302 1846 od
328 1777 439 1871 Regni
464 1776 561 1862 nostri
577 1775 835 1863 stabilimentum
849 1780 954 1860 sat·
976 1784 998 1942 s

183 1900 242 1971 que
276 1878 321 1947 ad
358 1901 504 1950 aeternae
540 1881 802 1953 remunerationis
823 1881 954 1951 ¹entolu'-

185 1995 324 2048 tnentum
359 1978 513 2050 credimus
548 1977 665 2075 absque
689 1982 785 2053 dubio
808 1983 955 2078 ptosutu·

186 2104 281 2151 rum.
307 2085 512 2175 Quapropter
534 2082 674 2152 omniurn
692 2080 843 2174 fidelium
867 2093 955 2159 Satt-

186 2178 257 2251 blae
284 2185 348 2254 Dei
376 2179 553 2273 Eulaliae,
579 2181 829 2282 inusitatumque,
861 2204 956 2283 prat-

1066 1194 1121 1240 nec
1144 1193 1206 1238 non
1234 1168 1270 1238 in
1296 1167 1480 1255 Mutinenss
1504 1166 1718 1240 Comitatibus
1735 1166 1838 1251 fitis,

1064 1295 1145 1365 qnae
1169 1268 1220 1340 ita
1259 1270 1487 1359 nominantur,
1523 1269 1705 1342 Baniolum
1725 1268 1772 1349 ἐφ’
1798 1270 1837 1340 in

994 1373 1026 1446 B
1065 1370 1224 1460 eoloris,
1249 1370 1293 1442 Ο·
1318 1370 1353 1442 in
1378 1368 1510 1444 circuitu
1535 1370 1703 1442 Fluminis
1715 1418 1728 1454 ,
1753 1372 1839 1467 quod

1065 1471 1246 1543 nominatur
1278 1472 1388 1565 Caput
1421 1472 1595 1568 Alponis,
1630 1496 1700 1544 cunt
1726 1470 1840 1562 servis

1066 1575 1110 1644 Ο·
1145 1571 1303 1664 ancillis,
1348 1574 1393 1644 O·
1428 1598 1497 1646 eum
1530 1573 1674 1644 omnibus
1713 1571 1839 1644 ibidem

1063 1670 1329 1767 pertinentibnt,·
1354 1677 1399 1746 θ’
1423 1699 1527 1746 omnes
1550 1672 1728 1754 aliattes,
1753 1696 1839 1770 quae

1060 1775 1141 1868 sont
1166 1777 1211 1846 in·
1224 1776 1401 1871 praedibit's
1425 1773 1666 1855 Comitatlbus,
1701 1776 1755 1844 uel
1782 1774 1838 1873 in·

1060 1877 1120 1969 srn
1144 1875 1279 1965 nosltom
1305 1876 1453 1949 italicum
1479 1886 1654 1971 Regnum,
1674 1874 1731 1966 seu
1756 1886 1838 1947 eetess

1068 2002 1172 2050 return
1188 1976 1349 2050 bantinum
1370 1979 1624 2073 conceffionibit,
1649 1976 1838 2049 traditioni·

1067 2079 1153 2170 bus,
1189 2079 1406 2178 offerssonibus
1436 2103 1494 2178 pto
1522 2079 1652 2171 suarum
1691 2077 1837 2150 remediis

1067 2184 1249 2259 animarum
1281 2229 1294 2265 ‚
1335 2178 1623 2279 cnntpatationibns
1645 2252 1647 2256 .
1673 2205 1790 2277 quaque
1822 2232 1836 2271 ,

180 2279 321 2373 sentium
340 2284 464 2376 scilicet
487 2311 525 2357 ec
545 2283 725 2372 suturarum
751 2289 877 2358 noverit
903 2288 955 2358 in·
993 2288 1027 2360 C
1068 2283 1365 2358 commutationibus
1388 2283 1589 2364 libellorum,
1616 2278 1663 2361 &¹
1686 2304 1837 2378 quotme-

183 2382 328 2473 eluslria,
355 2386 438 2481 quod
457 2383 588 2483 Sophia
616 2385 728 2460 nostra
750 2386 956 2481 dilecbiffitne

184 2489 303 2567 Soror,
330 2486 483 2584 noslrique
497 2485 612 2576 fideles
633 2487 840 2577 Notkctus,
870 2489 954 2563 Hil-

186 2583 373 2678 debaldus,
389 2608 484 2684 atque
498 2588 954 2690 Benaoaometabrtoepi-

187 2683 306 2787 scopi,
334 2689 454 2776 nosltae
475 2688 695 2787 magnitudini
706 2689 955 2787 significarunt,

188 2792 272 2882 quod
294 2791 524 2884 propeccatis,
552 2794 757 2863 Mantuanae
775 2791 870 2863 sedis
888 2797 954 2865 Ec·
997 2840 1002 2848 ·

185 2888 277 2968 eleba
302 2915 371 2959 cum
396 2889 575 2982 Praeceptis
604 2893 647 2962 (9·
674 2892 868 2965 Cartbarunr
888 2891 953 2984 sir-

185 2990 353 3062 mitatibus
389 3017 521 3087 quarum
560 2991 786 3089 scriptionibus
822 3019 871 3066 tet
905 2994 954 3075 &¹

181 3091 331 3183 semilias
371 3093 419 3165 ibi
467 3094 610 3169 collatas·
638 3092 790 3166 hellenus
839 3097 954 3169 meruit

1067 2411 1196 2483 cumque
1220 2385 1375 2483 legalium
1399 2391 1574 2458 Certatum
1602 2380 1836 2479 conscriptioni·
1871 2476 1872 2480 Ἰ

1048 2492 1147 2570 ·bus,
1182 2487 1240 2581 seu
1258 2487 1586 2584 'empbitbeoteeariis,
1625 2489 1679 2556 oet
1715 2482 1837 2579 empli-

1069 2587 1184 2676 tbeosi,
1212 2589 1277 2682 ipse
1297 2588 1431 2680 sanbius
1465 2590 1549 2659 loeus
1583 2587 1723 2658 obtinuit
1758 2610 1837 2680 que·

1067 2716 1193 2786 eumque
1218 2693 1328 2771 modo,
1354 2716 1422 2760 cum
1438 2691 1581 2759 domibus
1600 2695 1716 2765 eriam,
1742 2685 1837 2756 aedi·

1059 2791 1172 2885 ficiis,
1198 2788 1347 2872 Ecclest’is
1369 2785 1646 2884 Baptismolibns‚
1674 2786 1835 2879 Decimis,

1068 2916 1163 2990 atque
1202 2892 1375 2988 Capellis,
1411 2892 1469 2986 seu
1494 2887 1676 2978 Curribus,
1718 2886 1835 2973 mansis

1068 2998 1165 3066 etiam
1190 2994 1337 3085 vellitis,
1362 3015 1458 3090 atque
1483 2986 1690 3083 absentibus,
1717 2989 1835 3082 tetris,

1011 3165 1016 3174 ,
1068 3094 1175 3165 vineis
1187 3142 1199 3174 ,
1224 3095 1364 3186 eampis,
1387 3093 1513 3188 pratis,
1537 3091 1683 3187 pascuis,
1713 3089 1834 3174 filule,

186 3193 345 3276 obtinete,
386 3195 538 3281 cambosio
577 3198 756 3287 videatur,
788 3197 954 3297 sligitant
993 3204 1028 3275 D
1067 3193 1206 3281 insulis,
1232 3193 1479 3282 piscationibus,
1508 3189 1666 3282 salesbis,
1697 3190 1836 3285 paludi·

183 3296 368 3390 posiulans,
396 3318 433 3366 ut
454 3299 498 3369 ad
518 3298 735 3394 plenitudinis
754 3294 951 3386 reslaoratio·
998 3333 1002 3373 :

188 3423 256 3467 nem
295 3401 349 3470 boc
375 3397 493 3484 nasicae
518 3400 729 3492 miserationis
751 3408 955 3494 Praeceptum
998 3408 1001 3415 '

187 3497 341 3587 Johanni
381 3503 561 3575 venerabili
600 3501 777 3603 Episcopo
816 3503 954 3596 ejusdem

187 3602 450 3675 Mantuanenfis
471 3605 643 3679 Ecclestae
663 3611 819 3677 concedere
834 3605 954 3701 digna-

187 3728 305 3771 remur.
332 3703 435 3795 Cujus
453 3706 593 3792 precibus
611 3708 746 3778 libenter
762 3707 955 3803 acquiescen-

187 3823 255 3889 tes,
284 3803 328 3874 (Ψ
346 3805 494 3903 quoniam
512 3809 646 3904 dignum
673 3806 737 3898 cll,
764 3833 803 3878 ne
821 3833 869 3877 res
888 3810 955 3877 Ec·

186 3904 347 3990 elefiarnm
382 3908 448 3979 Dei
483 3936 505 3979 a
538 3910 732 4005 quibuslibet
760 3896 954 3996 depraeden-

186 4025 265 4091 tur,
291 4027 349 4078 aut
374 4010 416 4074 ab
441 4030 548 4075 earum
573 4011 696 4078 ditione
721 4028 827 4076 contra
853 4008 953 4101 legem

1051 3293 1148 3375 ¹ben,
1172 3292 1385 3376 molendinis,
1406 3292 1523 3391 'aquia
1546 3314 1758 3388 aquarumque
1774 3292 1834 3362 de-

1069 3394 1226 3478 cut'tbat,
1252 3388 1415 3470 arbarilut
1438 3390 1622 3488 pomiferis,
1653 3391 1700 3475 ἐν
1726 3392 1835 3485 instu-

1070 3496 1201 3582 limfis,
1225 3499 1404 3589 montibus,
1427 3498 1595 3587 vallibus,
1611 3490 1834 3593 planiciebus,

1070 3599 1173 3695 ripis,
1199 3601 1353 3691 rupinis,
1376 3601 1430 3693 seu
1456 3598 1584 3697 alpibns
1601 3652 1613 3688 ,
1632 3596 1744 3671 'omnia
1768 3620 1836 3667 onr-

1070 3704 1149 3774 nino
1173 3703 1209 3774 itt
1237 3703 1422 3798 integrum,
1463 3726 1669 3799 quormque
1691 3696 1760 3771 dici
1779 3696 1837 3769 vel

1070 3803 1230 3877 nominari
1266 3801 1421 3897 possum
1455 3812 1540 3875 unde
1579 3805 1687 3872 eadem
1718 3797 1836 3890 sanbls

1069 3904 1318 3991 Mantuanensts
1341 3901 1480 3989 Ecclefia
1503 3901 1655 3990 invcslr'tu
1670 3896 1762 3995 sutsse
1778 3900 1835 3971 di-

1064 4008 1228 4104 gnoscitur
1266 4032 1452 4104 quoeuntque
1486 4003 1572 4099 susle
1597 4005 1739 4094 ordine,
1777 4002 1834 4074 vel

185 4104 392 4192 assuantur,
419 4104 614 4174 decrevimus
642 4106 691 4179 ita
707 4103 808 4197 fieri.
835 4111 951 4178 Conce-
991 4103 1021 4174 E
1068 4108 1213 4204 qualibet
1246 4110 1392 4207 legitima
1410 4126 1414 4135 ’
1429 4107 1643 4188 sumitate,
1681 4123 1835 4202 quatenns

184 4205 300 4285 acates,
335 4204 436 4302 igitur
474 4203 693 4299 confirmamus
738 4206 954 4306 suprascripto

186 4307 422 4396 Mantua‘nensi
440 4309 648 4408 Episcopatui
665 4334 767 4381 omnes
786 4339 832 4383 res
842 4362 853 4394 ,
877 4340 954 4409 quat

184 4414 279 4507 nsque
304 4415 393 4483 modo
413 4415 453 4482 de
470 4414 564 4485 donis
589 4421 715 4510 Regum
735 4413 793 4506 seu
812 4419 971 4507 Impera·-

187 4535 290 4586 totum
317 4510 577 4606 Praedeces'orum
613 4514 781 4604 nostrorum
818 4513 954 4599 babuit,

186 4615 340 4687 videlicet
374 4617 630 4705 Monasierium,
666 4620 750 4712 quod
778 4617 878 4703 situm
911 4618 956 4705 esl

187 4716 223 4788 in
249 4722 360 4791 bonore
384 4715 575 4789 Saullorurn
600 4720 699 4791 Probi
723 4717 771 4797 ό*
798 4717 954 4812 Ruffinl,
1003 4766 1007 4779 ·

181 4817 239 4908 scu
264 4820 321 4898 &.
340 4821 514 4901 Memoris,
540 4818 787 4895 com'omnioas
800 4822 970 4914 adjaaea·.·
1004 4890 1007 4895 .

188 4915 247 4986 tiit
264 4923 319 4993 oel
343 4922 546 5011 pertinentiis
564 4926 723 5017 ejusdem,
748 4944 815 4995 tum
841 4919 990 4994 Carti-r

189 5019 246 5105 bot
271 5019 368 5093 etiam
385 5024 420 5097 in
440 5025 629 5118 Veronense,
654 5048 749 5122 arque
770 5023 973 5114 Visentino,

1069 4211 1153 4283 idem
1169 4214 1341 4305 Jobannes
1376 4209 1569 4284 wnetobilis
1609 4200 1832 4283 Mastanefis

1066 4314 1225 4405 Praesul,
1249 4314 1374 4410 esusque
1399 4306 1580 4403 Succtffores
1590 4335 1611 4396 ,·
1634 4314 1706 4377 bate
1723 4301 1833 4375 omnin

1064 4413 1111 4485 ad
1144 4417 1320 4490 utilitatem
1346 4415 1408 4511 sul
1432 4407 1594 4505 Episcopii
1625 4405 1740 4500 absque
1764 4403 1834 4475 ali·

1065 4517 1157 4608 cujus
1182 4513 1462 4611 impedimento&
1478 4502 1744 4577 eonnsdibiionir
1765 4532 1833 4577 mo-

1067 4614 1160 4703 lesiib
1183 4613 1405 4709 perpetualiter
1421 4607 1557 4681 valeant
1574 4608 1742 4704 poffsdete.
1771 4613 1834 4678 Ve-

1065 4719 1137 4787 rient
1159 4716 1256 4786 etiam
1289 4707 1507 4801 confirmamus
1541 4709 1642 4781 eidem
1676 4708 1834 4794 Ecclefiae

1066 4842 1153 4886 omne
1178 4815 1379 4903 tholoneum,
1415 4813 1531 4904 ripas,
1568 4814 1612 4882 θ’
1638 4812 1833 4908 ripaticum,

1067 4919 1111 4987 (9·
1142 4915 1460 5103 βκηωᾶιίίοηω
1496 4915 1586 5005 ripae
1628 4920 1832 4987 Mantuanae

1348 5018 1468 5112 Porti,
1494 5016 1541 5099 (θ’
1568 5017 1695 5113 insulae
1721 5024 1831 5087 Reue-

1704 5141 1751 5185 tts
1766 5167 1778 5203 ,

1057 5010 1249 5106 'civitatib
