4214 6014
344 325 432 427 263

655 307 1072 430 uurronrr.
1117 309 1360 405 nourr
1396 313 1578 407 aaut

1794 328 1881 427 ads

284 457 353 528 que
379 429 505 504 Italica
540 445 644 532 gente
686 435 929 506 Romanorum
957 450 1056 504 rete·
1097 435 1147 507 A.
1175 432 1400 510 Mansredum
1444 439 1592 535 Reges.
1638 437 1693 509 ,Er
1732 433 1812 509 sane
1852 427 1944 532 apud

283 555 360 605 rum
400 530 640 615 consuetudo,
684 533 799 607 veluti
844 533 972 606 utilior
1011 531 1054 605 ad

206 668 211 678 ⁹
284 632 442 707 bellum.
470 632 644 730 Quod&
672 633 823 735 agnovit
847 636 1054 709 benevenu-

283 751 341 807 tus
377 733 420 806 de
458 738 605 827 lmola,
641 736 704 833 qui
740 733 864 810 eodem
902 736 1054 816 Secula,

285 859 358 1011 quo
396 836 584 929 Pipinus,
621 835 772 927 floruit,
807 839 842 911 &
878 836 1054 911 eximium

324 939 600 1013 ommentarium
631 941 830 1020 Latinum,
858 938 971 1012 adhuc
998 940 1055 1010 lu·

287 1063 327 1113 cc
355 1058 560 1128 carentem,
596 1039 635 1114 in
662 1040 897 1115 comoediam
925 1037 1055 1113 Dantis

287 1139 394 1214 nobis
421 1141 593 1238 reliquit,
629 1144 728 1238 cuius
765 1145 941 1235 Excerpta
976 1139 1056 1213 heic

286 1241 360 1344 jam
381 1241 477 1316 edidi
500 1243 543 1317 ad
562 1245 693 1317 calcem
710 1244 823 1318 Tomi
846 1242 909 1315 l*.
933 1240 1057 1339 lnquit

1175 538 1299 611 Gallos
1336 539 1469 633 stappae
1505 535 1650 623 u'ustoe
1689 533 1735 611 esi
1769 535 1868 628 serire
1905 529 1944 604 di

1171 658 1307 732 ponta.
1348 641 1396 711 Et
1435 636 1518 711 inde
1557 636 1658 712 venit
1697 665 1771 712 uox
1812 633 1944 710 Italica

1174 746 1345 817 stoream,
1381 736 1584 813 &Gallica
1612 739 1780 825 Ellocade.
1822 741 1943 811 Immo
2047 778 2050 782 ‡

1175 866 1219 914 ne
1246 838 1491 938 Langobardis
1527 839 1668 937 quidem
1703 833 1844 914 defuisse
1870 846 1943 912 Pu·

1172 943 1284 1038 giones
1311 941 1436 1014 Seculo
1462 937 1597 1015 Christi
1625 944 1727 1017 Vlll.
1753 938 1941 1016 ediscimus

1177 1069 1221 1116 ex
1250 1047 1447 1138 Anonymo
1472 1040 1695 1118 Salernitana
1719 1044 1808 1142 apud
1837 1045 1942 1115 Pere-

1176 1143 1372 1245 grinium,
1411 1145 1533 1217 Tomo
1573 1143 1622 1219 ll.
1664 1148 1746 1219 Rer.
1788 1144 1943 1217 Italicar.
2000 1206 2005 1214 .

1178 1269 1255 1344 pag.
1284 1249 1369 1341 289.
1396 1243 1458 1318 ubi
1494 1241 1618 1318 scribit
1643 1243 1686 1319 de
1715 1242 1943 1345 Liutprando

288 1362 410 1416 autem
447 1343 513 1418 ille
548 1343 587 1417 ia
614 1347 704 1444 Cap.
733 1368 792 1443 3¹·
823 1342 1053 1443 Purgatorii:
1106 1352 1136 1424 B
1178 1350 1278 1421 Duce
1305 1348 1580 1429 Beneventano,
1605 1345 1749 1447 ejusque
1775 1345 1944 1420 successo·

288 1444 416 1516 Melius
452 1443 499 1524 (y
535 1445 639 1517 tutius
678 1446 721 1529 esl
758 1447 923 1543 pugnanti
958 1443 1057 1535 sarire

279 1543 456 1640 μηᾶἰω,
495 1552 591 1640 quum
626 1547 760 1634 caefim.
802 1549 941 1634 Primi,
980 1544 1057 1639 quia

284 1645 407 1738 seriens
440 1649 609 1738 punslirn,
650 1650 745 1722 balet
780 1648 917 1718 incidere
951 1645 1057 1715 minus

290 1750 331 1821 de
370 1750 492 1823 annis.
534 1756 696 1832 Secundi,
736 1748 815 1845 quia
853 1746 1058 1837 adversarius

291 1874 354 1921 non
382 1848 431 1921 ita
457 1853 532 1922 bene
556 1851 649 1922 vitat
676 1848 794 1924 isium.
822 1849 955 1928 Tertii,
982 1847 1059 1944 quia

293 1950 424 2024 invenit
449 1952 599 2022 minorem
625 1950 829 2037 resilientium
857 1950 892 2020 in
918 1972 1058 2046 corpore.

291 2059 422 2148 ‚quarti
440 2082 457 2136 ,·
491 2054 569 2150 quia
604 2052 722 2143 seriens
763 2055 870 2124 minus
909 2053 1060 2124 laborat.

293 2155 440 2249 Quinti,
467 2154 545 2252 quia
569 2160 675 2227 minus
696 2155 731 2247 se
757 2155 898 2251 detegit.
937 2158 990 2226 lta
1014 2151 1061 2225 il·

1177 1473 1214 1520 re
1240 1444 1435 1521 Arichiso:
1464 1451 1552 1520 Dum
1578 1448 1613 1519 iu
1640 1457 1748 1523 eadem
1774 1445 1946 1539 Ecclesia,

1177 1545 1459 1645 langobardorum
1477 1547 1576 1634 ficuti
1600 1575 1665 1621 mos
1689 1549 1752 1636 esi,
1779 1576 1847 1622 cust
1873 1553 1946 1620 Pu.-

1173 1649 1324 1744 gionibus
1336 1647 1472 1722 accinsli
1484 1650 1668 1739 altrinsecus
1683 1648 1858 1744 introrffent
1868 1647 1945 1729 &a

1177 1747 1348 1826 Ceterum
1366 1750 1524 1848 antiquis
1544 1751 1688 1826 Francis
1708 1769 1844 1847 praeter
1857 1757 1944 1848 Spu·

1177 1853 1266 1924 tham
1302 1850 1403 1925 suisle
1438 1853 1605 1928 novimus
1630 1854 1666 1926 δι
1693 1852 1944 1942 Semrspatbium

1180 1951 1248 2028 srve
1296 1955 1563 2046 semispatham.
1610 1952 1727 2028 Immo
1772 1952 1943 2052 Vegetius
2092 2002 2096 2008 ·

1179 2081 1320 2152 quoquc
1360 2082 1437 2130 eam
1477 2073 1759 2145 commemorat,
1796 2080 1884 2152 quac
1921 2080 1942 2127 a

1180 2157 1341 2255 Pugione
1366 2156 1425 2231 seu
1451 2158 1649 2247 Gladiolo,
1684 2157 1841 2255 antiquis
1876 2180 1944 2228 no-

294 2258 350 2330 le.
379 2262 505 2354 Neque
532 2258 634 2357 jurat
659 2283 846 2354 quaerere,
885 2280 928 2329 an
955 2256 1062 2352 longe
1092 2260 1137 2333 ·C
1179 2256 1322 2355 strisque
1348 2260 1567 2357 temporibus
1587 2256 1792 2348 notissimo,
1819 2254 1944 2332 sortas-

294 2362 553 2434 antc·Annum
580 2361 828 2433 MCCval.
856 2356 1062 2429 adhiberen-

294 2476 355 2534 tur
381 2459 419 2533 in
456 2460 564 2535 ltalia
600 2458 706 2533 Enses
734 2479 856 2533 acutae
884 2456 1062 2557 cuspidis.

295 2563 404 2636 Certe
431 2561 521 2661 apud
549 2563 674 2636 Gallos
694 2559 813 2635 usitati
840 2559 957 2633 suere.
985 2555 1063 2632 Sus-

295 2661 396 2740 ficiat
428 2663 533 2738 nobis
569 2663 786 2737 Guilielmus
811 2661 865 2735 -de
901 2659 1061 2758 Nangia-

294 2789 365 2844 co,
408 2764 470 2860 qui
507 2762 550 2834 dc
585 2762 676 2835 Geli.
716 2761 836 2834 Sanbli
879 2757 1061 2835 Ludovici

296 2860 405 2963 Regis
433 2866 649 2935 Francorum
686 2886 763 2962 pag.
792 2865 877 2958 381.
914 2857 1057 2933 scribit:

292 2965 418 3039 Franci
456 2963 653 3036 mucronibus
684 2963 863 3061 gracilibus
888 2962 934 3034 Θ·
958 2965 1061 3034 acutis

132 3072 137 3080 ’
164 3136 167 3140 .
289 3069 354 3164 sub
380 3065 518 3138 humeris
546 3067 702 3162 ipsorum,
729 3066 785 3140 ubi
811 3065 942 3139 inermis
966 3084 1060 3153 pate·

293 3169 353 3242 bat
376 3171 504 3249 aditur,
531 3171 605 3238 dum
626 3167 773 3239 levarent
792 3166 941 3246 brachia,
968 3185 1060 3236 tran·
1105 3170 1141 3240 D
1179 3165 1377 3242 conflixisse
1411 3192 1491 3239 cura
1529 3166 1650 3240 bosie.
1686 3166 1794 3260 Quod
1830 3168 1944 3241 etiarn

294 3270 472 3363 ssorantes‚
507 3288 563 3359 per
588 3269 729 3341 latebras
753 3268 907 3361 viscerum
930 3268 1061 3363 gladios

244 3442 247 3448 .
295 3373 406 3472 capulo
423 3392 535 3443 tenus
570 3370 815 3468 immergebant.
853 3372 895 3442 In
931 3365 1060 3445 descri-

122 5492 255 5632 ἢ

295 3475 421 3577 ption'e
448 3472 620 3549 vislori‘ae
650 3472 775 3549 Caroli
812 3477 840 3547 l.
873 3469 979 3572 Regis
1005 3470 1060 3546 si-

295 3576 402 3651 ciliae
428 3575 513 3652 haec
540 3574 647 3652 etiarn
676 3579 866 3679 leguntur:
903 3577 969 3648 Sed
1005 3601 1061 3645 no·

288 3677 351 3766 stre·
376 3680 500 3751 Gallici
523 3707 562 3750 es
586 3681 737 3754 breuibus
760 3679 895 3778 spatiis
913 3679 985 3773 suis
1010 3705 1061 3750 eo-

293 3803 364 3850 rum
389 3780 492 3854 latera
524 3781 767 3879 perfodiebant,
803 3804 839 3854 ut
872 3781 980 3854 uitam
1005 3782 1060 3848 de-

294 3903 413 3956 merent
437 3886 526 3959 corde
552 3882 658 3961 tullo.
693 3883 773 3983 lpse
799 3900 918 3957 autem
944 3875 1061 3951 Caro·

293 3985 350 4055 lus
376 3983 615 4054 inclamabatt
644 3981 797 4051 Punflius
823 3976 970 4061 infigite,
997 3973 1059 4036 mi-

1179 2357 1214 2433 se
1239 2357 1333 2432 nibil
1361 2359 1564 2434 differebar.
1601 2363 1733 2434 verum
1762 2357 1816 2434 iis·
1834 2360 1872 2433 io
1899 2383 1942 2432 u·
2001 2371 2009 2433 .'

1179 2459 1217 2535 su
1245 2460 1332 2536 belli
1367 2460 1468 2536 srmul
1503 2463 1653 2560 spatha,
1689 2459 1759 2537 srve
1792 2458 1942 2535 Gladius

1179 2562 1316 2662 major,
1350 2572 1449 2663 ecat3
1488 2590 1601 2661 neque
1637 2563 1836 2643 minorem,
1871 2561 1943 2635 fite

1180 2662 1374 2761 Pugionem
1403 2663 1645 2761 arripiebant,
1681 2664 1744 2735 nisr
1773 2664 1816 2736 ab
1846 2659 1943 2735 holle

1178 2761 1387 2862 comprefii.
1422 2768 1529 2837 Certe
1557 2789 1576 2838 a
1602 2761 1679 2837 veri
1706 2763 1942 2836 fimilitudine

1177 2863 1364 2957 abhorret,
1383 2867 1508 2939 Gallos
1527 2867 1676 2941 Saeculo·
1691 2863 1823 2940 Christi
1844 2867 1944 2937 Xlll.

1178 2993 1250 3042 uno
1285 2971 1425 3042 tantum
1464 2967 1622 3068 Pugionc
1649 2963 1698 3064 (st
1734 2969 1879 3064 Pugnalr'
1904 2969 1945 3039 el

1178 3093 1267 3142 voce
1304 3066 1494 3166 significari
1520 3068 1763 3163 crederemus)
1791 3085 1945 3142 armatos

1179 3268 1329 3361 mirere,
1365 3266 1569 3342 Alexander
1602 3266 1724 3341 Abbas
1757 3265 1944 3343 Telesinus

1178 3368 1263 3449 Lib.
1300 3395 1335 3447 2.
1376 3373 1464 3470 Cap.
1501 3393 1561 3468 31.
1598 3367 1730 3444 Hillor.
1767 3366 1945 3469 proelium

1178 3472 1375 3550 describens
1410 3498 1429 3545 a
1466 3470 1621 3570 Rogerio
1664 3469 1808 3545 Siciliae
1848 3475 1946 3570 Rege

1180 3575 1369 3661 habitum,
1404 3577 1490 3650 haec
1517 3574 1642 3649 babet:
1673 3578 1761 3647 Dum
1785 3599 1857 3670 ergo
1881 3579 1946 3644 Co-

1181 3708 1245 3752 mes
1265 3681 1395 3772 sortiter
1417 3679 1576 3773 pulsando
1594 3677 1716 3762 basiam
1733 3671 1945 3771 confregisset,

1179 3806 1250 3849 mox
1276 3782 1320 3848 O·
1346 3778 1410 3868 ipse
1436 3804 1566 3847 manum
1591 3777 1721 3846 mittem
1745 3783 1792 3848 ad
1825 3774 1947 3872 Pugio·

1179 3900 1271 3950 uem,
1299 3873 1462 3961 incapite
1488 3872 1651 3960 cujusdam
1677 3874 1831 3959 obstantis
1857 3875 1947 3972 equi·

1179 3969 1223 4035 tit
1263 3968 1313 4036 ita
1348 3967 1520 4039 terribilem
1554 3968 1651 4065 supet
1680 3975 1813 4069 galeam
1848 3977 1946 4049 isium

293 4080 367 4150 lites
392 4079 542 4160 Chrisli,
575 4073 721 4163 puntlr'ut
744 4064 954 4153 sramfigite.
984 4062 1059 4134 Ita·
1106 4060 1136 4129 E
1177 4063 1292 4144 dedit,
1318 4086 1355 4136 ut
1380 4066 1472 4139 miles
1499 4069 1565 4164 ipse
1586 4073 1692 4163 sarred
1714 4078 1872 4162 oitufione
1891 4080 1947 4152 la.

292 4203 362 4278 que
389 4173 450 4248 sub
477 4166 623 4245 nomine
648 4163 793 4260 spathae
815 4160 923 4236 aevis
941 4160 1056 4236 nolim

292 4277 476 4380 intelligas
500 4270 676 4373 gladiolos
703 4266 809 4390 unius
843 4263 954 4340 serme'
981 4268 1056 4367 pal-

291 4371 1065 4575 filiiflii.slsi'siffiliniiii·

291 4603 350 4674 ta,
377 4579 516 4659 sortasse
544 4580 721 4657 breviores
748 4581 854 4677 qulm
881 4571 1057 4654 recentio-

291 4707 392 4770 rum,
414 4685 557 4784 quibus
582 4683 719 4785 mag'nd'
746 4681 911 4783 agilitate
946 4677 1057 4754 hosles

292 4783 381 4864 suos'
404 4785 579 4866 feriebant
604 4783 726 4862 Galli.
761 4782 888 4859 dracchi
920 4789 1059 4856 nuncu·

292 4906 463 4987 pamur'a
489 4893 659 4983 Iohanne·
675 4888 863 4970 Villaoio,
890 4885 952 4959 ubi
978 4886 1068 4959 nar-1

292 5010 348 5070 tat
390 4995 583 5093 proelium.
604 4990 914 5072 iutetL'Csrolum
951 4989 983 5061 Ἰ.
1022 4987 1058 5058 tr

371 5154 392 5225 's
413 5150 517 5267 liuius
536 5207 645 5261 aurem
664 5189 827 5261 Editionis
840 5132 1053 5277 romu·

1178 4163 1342 4259 dessilus,
1370 4169 1485 4256 slatim
1518 4177 1644 4268 dorsuna
1677 4181 1823 4252 caedenti
1848 4199 1946 4266 prae-

1178 4272 1302 4345 buerit.
1330 4275 1347 4346 l
1376 4299 1493 4357 nunc,
1513 4273 1553 4351 δι
1573 4277 1739 4359 decerne,
1765 4274 1851 4371 quid
1874 4280 1946 4347 Pu-

1160 4371 1282 4483 'giouis
1318 4379 1494 4450 vocabulo
1530 4397 1664 4451 veteres
1699 4373 1945 4474 defignarent,

1177 4501 1286 4573 quum
1307 4474 1387 4553 heic
1413 4477 1601 4551 habeamus
1624 4474 1817 4575 Pugionem
1830 4527 1842 4561 ‚
1869 4505 1944 4558 non

1176 4579 1401 4677 gladiolum,
1437 4602 1508 4650 non
1544 4576 1659 4651 ensem
1691 4584 1945 4661 tantummodo

1152 4692 1156 4703 '
1177 4700 1343 4757 acutum,
1371 4675 1426 4749 sed
1453 4678 1493 4750 el
1518 4678 1694 4779 gravitate
1718 4709 1758 4758 ac
1778 4682 1877 4777 acie,
1903 4703 1945 4761 ut

1178 4804 1248 4850 noo
1285 4775 1381 4852 secus
1417 4796 1524 4878 atque
1559 4811 1653 4858 nunc
1687 4787 1846 4880 Sciabla,
1881 4802 1945 4863 aut
2090 4804 2095 4811 '

1177 4880 1304 4978 spatha
1330 4877 1498 4981 utrinque
1518 4905 1620 4960 acuta
1632 4935 1643 4970 ,
1671 4891 1863 4990 percussum
1884 4914 1946 4962 ca-

1153 5001 1242 5086 'put
1265 4980 1413 5062 inimici
1437 4985 1627 5090 dejecerit.

1691 5092 1877 5166 .De
