4214 6014
284 320 376 448 '103'
554 323 1551 443 AntrtQJtT.MEDttAth
1736 363 1820 446 ¹04

222 477 284 521 unu
321 454 354 520 iu
381 446 480 522 annis
505 445 639 534 exiliat,
673 444 734 538 sed
767 448 862 520 vario
885 474 991 520 armu-
1030 459 1075 532 Α1
1107 448 1216 524 titum
1243 447 1281 526 id
1308 447 1429 523 videas
1456 448 1493 523 in
1520 447 1724 546 capitulari
1750 449 1876 527 Caroli

219 573 291 621 eum
313 575 429 645 genere
453 547 609 636 instruile
633 567 810 644 appartet.
836 548 892 622 Sic
914 576 992 646 quo·

221 677 282 749 que
307 673 345 723 ue
369 650 577 748 unusquisque
612 653 664 722 de
683 651 754 735 bit,
793 677 867 748 quot
887 651 994 744 seeum

223 755 259 826 iu
294 753 461 826 exereitum
498 753 652 847 duxerit,
690 774 813 845 partem
847 754 993 851 aliquam

223 855 331 928 Zauis
356 857 504 954 (Giano
537 881 601 930 nos
628 857 845 954 appellamus
871 854 992 930 thora·

222 982 322 1040 cem,
357 958 552 1033 emaculis
580 956 639 1033 seu
664 960 837 1033 catenulis
871 956 991 1032 ferreis

224 1079 456 1137 contextum.
490 1058 588 1135 Zeia
624 1086 687 1160 pro
714 1061 844 1133 Loricae
878 1059 991 1159 specie

221 1162 380 1240 occurrit
428 1162 540 1238 etiam
580 1161 672 1262 apud
711 1163 895 1261 Graecos)
935 1164 991 1234 vei

223 1266 346 1340 Luticia
370 1265 549 1354 munitam,
584 1263 744 1359 plerosque
769 1271 844 1338 veti
860 1266 991 1362 scutis,

1105 546 1217 627 Calvi
1245 555 1356 625 Anno
1384 554 1654 628 Dcchtttv.
1682 556 1806 628 Tomo
1830 554 1878 627 11.
1949 564 1953 573 '

1106 677 1183 754 pag.
1211 660 1293 751 187.
1321 645 1522 753 capitular.
1541 655 1760 730 Guilielmun
1786 680 1878 751 quo·

1104 780 1173 852 que
1201 757 1228 829 Ι.
1252 755 1408 852 Angliae
1436 760 1537 848 ilex,
1562 758 1710 831 Saeculo
1735 753 1874 833 Christi

1106 860 1169 930 XI.
1196 856 1235 930 in
1262 856 1332 941 luis
1359 859 1517 958 Legibus
1540 855 1633 958 Cap.
1651 859 1713 954 ὃς.
1731 860 1775 931 de
1796 883 1874 933 me·

1103 958 1316 1035 numifftone
1342 961 1442 1035 Serui
1469 986 1601 1063 agens,
1627 960 1706 1035 ait:
1749 960 1872 1033 Tradi-

1102 1065 1154 1133 διε
1181 1061 1234 1134 iile
1260 1090 1351 1136 arma
1375 1060 1500 1156 iibere,
1521 1063 1642 1155 seilicet
1666 1065 1807 1136 lanceam
1826 1061 1871 1133 Θ

1098 1162 1275 1260 gladium:
1315 1165 1443 1263 quibus
1484 1163 1602 1243 uerbis
1627 1161 1712 1241 satis
1738 1159 1873 1264 fignifi-

1105 1283 1188 1347 cat,
1215 1293 1286 1340 non
1315 1265 1451 1340 licuille
1477 1287 1578 1340 antea
1606 1271 1714 1340 Servo
1741 1266 1788 1341 iis
1813 1263 1874 1341 uti

215 1367 351 1460 spatis,
386 1367 542 1459 seramis.
578 1365 747 1466 (spathis
788 1393 913 1466 nempe
939 1368 992 1440 la·
1032 1376 1061 1453 Β
1104 1366 1231 1441 armis.
1272 1368 1405 1442 Nullus
1445 1387 1563 1441 autem
1591 1367 1756 1458 dubito,
1781 1366 1870 1466 quin

224 1466 406 1568 tioribus)
432 1468 573 1556 lauceis,
594 1468 786 1567 sagittisque
804 1464 993 1556 iusluuilos,

224 1569 375 1669 quosdam
412 1571 510 1646 etiem
544 1569 721 1662 sundarum
753 1569 992 1659 instrumentis,

224 1674 280 1745 vei
314 1674 422 1746 ceteris
456 1672 580 1760 ermis,
619 1699 701 1770 quae
727 1677 852 1744 ueniter
885 1670 992 1764 sorsau

225 1774 435 1869 uuusquisque
468 1804 491 1848 a
524 1773 653 1847 seniore
687 1775 742 1846 vei
777 1774 915 1848 Domina
934 1772 994 1866 suo

223 1875 376 1970 iusuuilu
402 1875 568 1964 babuerit,
594 1874 768 1972 Principi,
803 1876 912 1967 Daci,
936 1875 993 1948 uel

224 1976 342 2051 Camiri
360 1977 421 2072 sue
443 1977 641 2071 praesentare
661 1978 809 2067 sludeat.
838 1981 906 2053 Pro
929 2003 991 2049 unu

222 2079 258 2151 iu
283 2084 382 2153 armis
406 2079 548 2168 euislm,
574 2081 656 2180 lego
681 2109 743 2154 nou
769 2079 899 2155 inermis
922 2079 990 2152 eui·

215 2181 308 2271 slat:
351 2181 389 2258 id
431 2180 530 2258 enim
578 2180 753 2284 poscunt,
804 2207 894 2282 quae
938 2179 991 2256 se·

222 2303 400 2384 quuntttt.

1104 1468 1236 1565 aliquis
1271 1469 1450 1544 interdum
1485 1499 1505 1542 e
1541 1469 1659 1545 Seruis
1694 1469 1733 1544 in
1770 1469 1870 1546 mili·

1103 1568 1193 1644 tiam
1220 1569 1311 1644 olim
1339 1570 1461 1645 lurtim
1489 1570 1677 1671 irreperit:
1721 1569 1779 1648 sed
1814 1596 1901 1658 te·⁴
1995 1646 2002 1660 ,

1103 1672 1339 1746 clamantibus
1357 1671 1513 1747 dominis
1535 1673 1578 1747 ad
1605 1671 1790 1749 servitium
1815 1699 1871 1747 re·
1966 1691 1972 1700 ·

1103 1772 1356 1848 trahebantur.
1391 1773 1433 1848 In
1476 1776 1579 1852 Bulla
1623 1772 1799 1850 Pascbulis
1838 1777 1871 1850 l.-

1104 1879 1217 1972 Papae
1244 1903 1308 1976 pro
1334 1875 1614 1974 Archiepilcopo
1640 1882 1868 1968 Rauennate,

1102 1980 1223 2081 Tomo
1252 1982 1297 2052 11.
1326 2004 1401 2079 pag.
1423 2001 1508 2054 220.
1533 1982 1613 2055 Rer.
1640 1980 1795 2055 Italicae.
1814 1980 1869 2053 le-

1101 2076 1198 2179 gitur
1224 2083 1377 2172 Coiouus,
1406 2101 1465 2154 aut
1490 2081 1695 2172 Pereiauius,
1721 2080 1766 2151 (⁹¹
1789 2084 1868 2152 Ser-

1099 2208 1159 2283 vqs
1178 2181 1376 2278 subjacentes
1400 2184 1490 2274 perti
1508 2182 1643 2275 sauiiae
1661 2181 1782 2270 veslree
1800 2185 1871 2253 Ee«

1026 2287 1064 2367 C
1099 2282 1229 2368 eibfiae,
1263 2289 1308 2357 ad
1346 2285 1552 2356 militandum
1589 2284 1773 2376 subtrahere
1803 2308 1866 2353 uon

278 2390 336 2460 An
363 2390 448 2462 verb
484 2383 611 2460 Franci
639 2413 780 2486 quoque
806 2381 923 2460 Servis
949 2381 988 2457 in
1098 2383 1212 2457 licem.
1254 2384 1371 2468 Sedfi
1395 2386 1532 2457 militari
1552 2382 1700 2474 suerint,
1739 2410 1789 2455 ιιι
1813 2383 1870 2454 di·

224 2487 321 2562 bello
348 2506 531 2577 uterentur
565 2485 689 2586 (quod
729 2514 790 2563 ex⁴
810 2487 875 2560 hac
911 2486 989 2586 lege

225 2585 444 2665 doiiillimus
472 2592 575 2663 Pater
611 2589 741 2665 Daniel
767 2617 787 2664 e
814 2587 989 2664 societate

64 2722 66 2728 ·
225 2691 304 2784 Jelu
337 2692 422 2771 Lib.
453 2688 557 2787 prim.
586 2689 629 2764 de
656 2692 799 2766 Militia
827 2697 989 2764 francor.

68 2822 72 2827 ·
224 2791 351 2866 deduci
378 2792 470 2890 polle
496 2791 695 2891 opinatur)
734 2791 897 2891 equidem
925 2788 990 2863 du·

224 2892 338 2970 bitare
371 2891 484 2968 adbuc
521 2917 683 2993 pergam,
719 2895 804 2967 dum
830 2893 991 2968 luculen-

223 2994 299 3071 tior
332 2993 524 3070 auiinritas
558 2994 725 3070 accedat.
760 2991 873 3070 Certe
899 2990 989 3090 apud

1092 2484 1222 2582 seiungi,
1247 2487 1296 2569 (γ’
1320 2482 1510 2581 desmilitari
1542 2485 1712 2578 subtutus.
1753 2484 1868 2560 Deni-

1099 2612 1167 2684 que
1194 2613 1215 2662 a
1250 2585 1415 2664 secularis
1451 2586 1607 2662 militiae
1632 2614 1737 2661 onere
1758 2583 1867 2661 liberi

1097 2686 1190 2761 olim
1219 2686 1337 2778 fuere,
1370 2687 1436 2789 qui
1477 2687 1516 2762 in
1554 2686 1684 2761 sortem
1713 2687 1868 2763 Domini

1100 2789 1221 2865 vocati
1248 2787 1421 2865 militiam
1448 2786 1719 2864 Eccleliallicam
1757 2786 1869 2888 proft·

1098 2891 1282 2967 tebantur.
1325 2891 1576 2968 Nihilominus
1613 2890 1757 2966 vetustis
1785 2895 1868 2966 Sae-

1098 2992 1210 3076 culis,
1236 2992 1455 3093 potillimbm
1480 2991 1619 3069 Carolo
1645 2991 1784 3090 Magno
1810 3018 1887 3067 re··
1968 3059 1971 3062 ,

224 3099 411 3174 Baluzium
440 3101 548 3173 Tom.
568 3095 674 3191 prim.
703 3124 780 3197 pag.
804 3102 891 3193 489.
918 3099 990 3168 Ca·
1098 3113 1250 3194 guante,
1278 3093 1316 3168 in
1342 3095 1433 3170 hanc
1458 3093 1667 3191 disciplinae
1694 3092 1868 3169 Ecclesia·

223 3199 433 3299 pitularium
457 3203 543 3294 Rep.
559 3201 723 3273 francor.
745 3197 989 3298 legiturCon·
1030 3201 1064 3272 D
1098 3195 1201 3271 sticae
1226 3214 1363 3297 partem
1389 3198 1589 3296 corruptela
1624 3223 1696 3270 non
1724 3195 1867 3271 modica

223 3299 363 3376 llitutio
398 3296 528 3376 Caroli
573 3299 701 3400 Magni
740 3307 786 3372 ad
824 3300 990 3371 exercitum
1097 3295 1253 3399 irreplit.
1281 3301 1392 3373 Erant
1416 3298 1515 3374 enim
1536 3295 1759 3397 Episcopi&
1779 3297 1898 3374 cte·

219 3405 489 3500 promovendum,
509 3418 615 3501 atque
634 3401 687 3476 ibi
707 3400 881 3491 edicitur,
908 3398 990 3500 qui·
1099 3399 1188 3491 rici,
1229 3398 1292 3502 qui
1327 3426 1424 3476 arnna
1463 3400 1608 3476 induere
1643 3404 1679 3476 tc
1708 3398 1867 3501 prolilire

221 3531 306 3582 narn
349 3502 541 3604 profeiluri
586 3501 678 3606 fint3
730 3529 884 3600 nempe,
925 3498 989 3599 qui
1099 3500 1138 3576 in
1173 3501 1370 3577 exercitum
1414 3501 1584 3600 religioni
1623 3501 1686 3578 libi
1716 3499 1869 3577 minime

220 3610 384 3702 preprium
408 3605 557 3697 habeut;
590 3602 637 3686 (γ’
674 3606 776 3699 cesum
801 3606 989 3687 Comitum,
1100 3603 1294 3677 ducebant:
1323 3604 1438 3680 immo
1463 3602 1552 3680 illuc
1579 3604 1623 3680 ab
1649 3602 1729 3705 ipsas
1757 3601 1869 3704 Regi-

224 3707 311 3785 iden
335 3706 518 3783 domestici
542 3707 759 3800 Comitum,
790 3707 896 3782 liberi
923 3704 988 3778 bo·
1100 3703 1162 3779 buu
1188 3704 1491 3804 impellebantur,
1517 3707 1613 3806 quod
1640 3708 1714 3808 jum
1740 3703 1870 3782 multis

224 3808 361 3894 mines,
396 3810 441 3881 0·
474 3810 634 3901 homiues,
674 3810 742 3884 boc
768 3809 837 3892 ell,
865 3804 989 3895 vani,
1045 3828 1047 3832 ‘
1102 3807 1292 3904 Regalibua
1317 3805 1542 3887 fruerentur,
1584 3804 1624 3882 ἅ
1659 3808 1703 3881 ad
1730 3806 1869 3881 valial-

222 3911 355 4008 Regis,
383 3894 607 4008 Episcopum»
633 3910 682 3993 (ι’
707 3914 897 3993 Aeburam,
933 3899 992 4007 qui
1101 3909 1218 3980 lorum
1257 3933 1364 3981 onera
1409 3905 1632 3982 crederentur
1680 3906 1869 3985 obllriili.

215 4016 279 4086 mei
297 4011 481 4100 Beneficia,
506 4015 562 4080 vei
578 4014 710 4104 propria
729 4010 867 4082 habeut.
896 4011 989 4083 Nul·
1103 4006 1197 4081 Vide
1231 4006 1323 4083 infra
1360 4007 1649 4084 Differentionem
1687 4015 1801 4088 LXX.
1827 4011 1871 4083 de
1936 4003 1942 4014 ’

226 4114 304 4190 lum
344 4109 400 4186 ibi
434 4111 581 4183 verbum
608 4109 650 4183 de
687 4109 824 4184 Servis.
865 4113 992 4208 Neque
1032 4108 1063 4181 Ε
1101 4110 1189 4182 Cleri
1215 4109 1440 4186 immunitate.
1482 4111 1725 4189 Pillorienlem
1753 4112 1870 4190 Char·

223 4211 435 4295 Ludovieus
462 4210 546 4288 Pius
570 4211 614 4289 de
641 4211 724 4287 aliis
743 4211 849 4309 quim
867 4211 912 4287 de
930 4211 992 4288 Li·
1102 4229 1176 4286 tam
1204 4211 1281 4286 uidi
1302 4215 1413 4289 Anno
1434 4217 1655 4292 occentu.
1675 4216 1872 4317 scriptam»

224 4316 308 4394 ieris
332 4314 510 4391 homiuibus
544 4314 596 4390 ad·
614 4313 786 4389 militiam
813 4312 906 4413 aptis
933 4311 990 4390 in·
1103 4314 1142 4388 in
1169 4340 1238 4412 qua
1264 4313 1462 4415 Ildepettue
1488 4318 1610 4388 Abbae
1636 4316 1735 4414 saepe
1764 4341 1872 4411 coge·

223 4416 435 4515 quirendum
452 4415 547 4517 suffit
562 4420 672 4493 Anno
681 4413 817 4494 Cbrilli
834 4419 991 4495 DCCC·
1106 4417 1208 4491 batur
1246 4417 1291 4488 ire
1327 4418 1362 4489 iu
1398 4416 1500 4503 husie,
1538 4413 1621 4489 idell
1655 4421 1776 4489 audere
1800 4416 1875 4489 atla

224 4522 360 4596 xxix.
385 4522 507 4595 Tomo
534 4522 563 4594 l.
589 4546 666 4620 pag.
688 4522 773 4619 672.
803 4519 991 4608 Capitula·
1099 4545 1234 4617 guma.
1261 4517 1327 4593 Uti
1355 4518 1424 4615 jam
1447 4516 1599 4589 ollendit
1619 4516 1748 4591 clariss.
1767 4517 1874 4592 Tho·

224 4623 342 4702 rium:
362 4619 548 4717 jubemus,
574 4620 721 4721 inquit,
754 4642 791 4694 ut
816 4622 910 4718 Missi
935 4649 992 4694 ιιι-
1104 4618 1268 4696 mellinus
1299 4621 1392 4690 Part.
1411 4641 1445 4713 3.
1479 4617 1687 4714 Libupriro.
1705 4623 1793 4714 Cap.
1808 4642 1876 4714 40.

218 4725 284 4818 stri
307 4725 482 4824 diligenter
507 4723 693 4821 inquirent,
729 4724 844 4822 quenti
882 4722 994 4797 Liberi
1104 4721 1147 4796 de
1173 4716 1386 4804 Beneficiis,
1412 4718 1537 4795 multis
1562 4720 1773 4821 Legibus&
1796 4721 1876 4801 Ca·

227 4828 365 4902 &uiues
383 4827 419 4900 ιἰι
434 4825 577 4924 siugulis
593 4828 993 4914 contentissima,
1106 4819 1257 4897 monibus
1293 4817 1386 4893 itum
1422 4820 1469 4898 eil
1508 4821 1654 4898 obviam
1692 4826 1872 4923 perversae

212 4949 266 5001 vue
290 4931 445 5004 ouaeiteu
462 4930 535 5003 illus
553 4930 753 5025 deserisaue,
780 4929 836 5026 qui
854 4929 889 4997 iu
905 4955 993 4998 euer-
1105 4919 1190 4998 huic
1215 4920 1482 4998 consuetudini.
1530 4925 1649 5023 Digna
1674 4927 1745 5012 eli,
1781 4951 1873 5022 quae

221 5029 356 5134 „Mt”
380 5036 425 5105 ite
444 5029 572 5130 passum
596 5032 858 5129 expeditionem-s
880 5032 1008 5151 Repe„

1104 5026 1245 5139 legatur
1267 5024 1311 5109 'tn
1336 5028 1457 5107 Turno
1473 5024 1747 5109 necantur.
1760 5028 1880 5203 bimb-t

1785 5151 1821 5206 et
