4214 6014
383 359 465 468 a,
646 340 860 437 aurs
944 337 1641 435 urnnsurrasrr
1815 348 1906 468 sa,

300 482 527 551 occurrunt,
553 465 607 539 ita
632 460 859 562 amilitibus
883 490 900 535 a
954 461 1083 543 ibitae,
1123 463 1159 535 A

313 597 354 652 ut
391 573 501 646 Pieebe
538 565 690 641 omnino
730 564 830 639 inille
868 565 1083 639 videantur.

313 683 410 758 Nam
436 670 532 773 quod
559 696 579 743 a
608 673 715 742 Petro
740 667 876 741 Azario
902 667 941 740 in
968 667 1083 742 Chro-

297 781 397 855 nico
425 801 503 875 pag.
530 793 616 870 355.
638 770 751 844 Tomi
777 774 875 843 XVI.
904 775 984 843 Rer.
1011 770 1084 844 Ita-

313 882 414 957 licat.
441 874 627 951 scribitur:
656 875 723 944 Sed
745 873 919 964 defensores
938 873 1083 969 apposue-

312 1005 390 1057 suar
410 980 517 1072 subiri
544 977 670 1048 Faldas
698 976 901 1065 Papierrses‚·
928 973 974 1052 ἴθ’
1002 975 1085 1044 irrrer

310 1062 441 1161 ¹Fallat
465 1078 637 1171 Papierrses
654 1077 689 1168 se
713 1077 883 1168 miscebam
902 1075 1084 1167 llipendia-

313 1188 360 1259 rii
393 1183 511 1281 equites
547 1208 615 1253 eum
651 1180 769 1250 lanceis
804 1178 852 1258 (a
885 1178 1056 1272 rargberris
1070 1203 1086 1246 e

313 1287 411 1364 nihil
431 1286 499 1358 huc
520 1280 673 1381 spectare
694 1278 855 1353 videtur.
880 1282 982 1372 Quae
1002 1279 1084 1350 Fal-

1196 479 1275 551 rat,
1301 463 1537 536 Berreariorrrm
1560 466 1716 565 ipsorum
1742 481 1895 545 turmam
1919 469 1965 546 sr-
2080 525 2086 538 ·

1195 561 1363 663 gnificat.
1399 566 1565 642 Occurrit
1591 587 1709 644 autem
1741 573 1831 671 apud
1864 580 1963 649 Dan-

1196 686 1268 739 tem
1297 668 1385 767 Cap.
1414 693 1473 742 aa.
1506 668 1633 744 lnlern.
1661 673 1696 745 δε
1732 674 1822 771 apud
1860 675 1963 752 Mat·

1194 766 1337 869 thaeum
1384 769 1585 843 Villanium
1633 798 1702 846 vox
1748 779 1960 872 Gualdana,

1195 894 1301 966 quam
1332 870 1532 946 Florentini
1562 875 1790 951 Vocabularii
1822 878 1961 954 Aulio-

1195 996 1249 1042 res
1276 971 1459 1071 explicant
1484 975 1638 1067 Sebiera,
1667 997 1783 1072 rruppa
1806 982 1842 1051 eli
1865 1002 1962 1077 genre
2075 1026 2090 1035 -»

1194 1093 1350 1145 armata.
1387 1078 1442 1146 At
1469 1074 1497 1149 ii
1535 1076 1642 1150 latius
1671 1076 1778 1152 nimis
1807 1085 1961 1156 vocabu-

1196 1173 1271 1245 lum
1303 1173 1370 1246 boc
1399 1173 1599 1252 definiunt.
1637 1181 1734 1253 Idem
1772 1201 1887 1256 autem
1915 1184 1963 1258 est

1195 1293 1301 1372 arque
1328 1278 1512 1352 Waldarra.
1545 1279 1692 1355 Scilicet
1718 1281 1963 1383 fignificabant

314 1393 377 1465 dae
402 1386 572 1483 Papr'enser
599 1384 850 1483 appellantur,
885 1379 962 1453 veri
997 1397 1085 1479 puto
1127 1394 1156 1466 Β
1194 1399 1234 1446 ea
1257 1401 1345 1448 voce
1370 1397 1503 1453 veteres
1528 1381 1703 1470 scelerarem
1728 1384 1839 1478 (haec
1863 1388 1960 1463 enim

314 1487 456 1571 fimile,
492 1485 593 1561 suillo
623 1483 758 1584 pedites
786 1481 980 1556 deferentes
1008 1483 1084 1573 cly-

314 1616 423 1695 peos,
443 1587 583 1678 Pavest,
602 1585 787 1684 dequibus
808 1583 907 1679 supra
927 1580 996 1655 fuit
1017 1579 1084 1654 ser·

314 1720 399 1769 mo.
426 1691 520 1764 Vide
547 1715 625 1787 pag.
651 1693 738 1782 436.
766 1685 809 1755 de
836 1685 939 1756 Bello
968 1684 1083 1756 Cane·

314 1793 483 1894 piciano,
520 1789 581 1861 ubi
609 1805 849 1858 memorantur
877 1782 982 1856 multi
1013 1783 1084 1872 sul-

297 1895 375 1968 ¹siri
401 1888 611 1982 Pupienlibas
636 1887 827 1982 affaldarr'r.
857 1885 899 1959 In
926 1883 1084 1984 margine

211 1977 218 2022 ³
318 1994 479 2070 additum
507 1995 614 2063 MSto
641 1987 737 2062 luite
767 1987 845 2076 idest
871 1985 1007 2072 Paoefi,

326 2126 331 2140 ·
370 2094 436 2170 Sed
472 2092 558 2194 quid
594 2090 795 2164 Gialdsrrieri
834 2089 956 2179 fuere,
996 2115 1085 2186 quos

317 2196 430 2277 etiam
471 2210 728 2270 commemorat
769 2195 974 2267 Ptolomeus
1010 2196 1086 2266 Lu·

1196 1476 1293 1548 roris
1318 1476 1421 1577 origo
1447 1506 1467 1552 e
1490 1484 1702 1557 Germanica
1727 1485 1892 1584 Lingua,
1920 1506 1962 1564 ut

1194 1577 1470 1652 animadvertam
1486 1580 1523 1654 in
1541 1584 1793 1661 Differtatione
1805 1592 1959 1665 LXXV.

1191 1681 1232 1749 de
1256 1679 1550 1784 Confraeerrrirar.)
1584 1684 1654 1759 five
1680 1707 1858 1782 turmam,
1884 1718 1959 1765 non

1192 1779 1378 1878 equitum,
1415 1786 1695 1884 aut-peditum,
1730 1790 1894 1866 ordinata
1922 1820 1961 1867 a·
1995 1827 2002 1836 ·

1194 1883 1248 1955 cie
1276 1910 1427 1983 pugnarn
1450 1886 1675 1980 ineuntium,
1695 1889 1751 1964 sed
1773 1892 1961 1969 hominum

1194 1983 1435 2082 perditorum,
1455 2016 1542 2087 quos
1570 1992 1771 2074 Berroarr'as,
1799 1998 1856 2068 vel
1878 2003 1961 2066 Ber-

1193 2088 1337 2168 ree‘rios,
1378 2087 1507 2184 (nunc
1542 2095 1667 2193 Birri)
1706 2091 1775 2169 five
1808 2099 1962 2193 Zaffrmes

1194 2185 1209 2283 (
1221 2213 1313 2262 nuuc
1336 2188 1453 2291 Zaffi)
1481 2198 1748 2291 nuncupabant.
1777 2200 1811 2272 A
1837 2198 1960 2272 Ribal-

319 2297 428 2377 cenfis
464 2297 503 2372 in
530 2296 703 2371 Annalib.
731 2294 895 2369 brevibus
931 2293 973 2365 ad
1007 2297 1087 2366 An·
1127 2307 1161 2380 c
1192 2291 1244 2359 dis
1271 2297 1354 2362 verb
1382 2290 1480 2391 supra
1511 2299 1716 2372 memoratis
1755 2326 1876 2398 parum
1904 2300 1959 2376 di·

318 2430 405 2478 num
434 2401 751 2474 MCCLXXXIX.
770 2399 804 2467 ἃ
824 2391 1085 2470 Mchc111?

319 2506 449 2579 Parum
471 2499 609 2573 fortalse
634 2499 677 2571 ab
701 2496 746 2569 iis
772 2494 978 2584 diffimiles,
997 2521 1085 2591 quos

319 2604 386 2680 alii
412 2603 633 2702 appellarunt
653 2599 851 2686 Beersa'rias,
872 2595 1003 2669 Veneti
1026 2623 1084 2712 ve:

317 2713 360 2783 rb
396 2706 486 2777 olim
523 2702 748 2799 appellabant
778 2699 950 2789 Zaffimes.
987 2695 1085 2766 Audr

317 2802 586 2886 Rolandinum,
624 2797 686 2889 qui
723 2793 806 2867 Lib.
838 2815 895 2863 11.
931 2788 1021 2887 Cap.
1049 2816 1084 2888 3.

316 2899 451 2979 Hillor.
476 2902 597 2972 Tomo
624 2897 727 2966 VIII.
754 2897 834 2967 Rer.
860 2892 1014 2981 italicar.
1042 2894 1085 2968 ad

317 3010 467 3082 Annum
491 2999 741 3074 MCCLVlII.
769 2995 821 3070 ita
849 2993 992 3069 scribit:
1020 3002 1086 3068 Sed

317 3107 449 3206 quidam
482 3105 603 3199 pedites
633 3105 680 3177 dr
706 3099 858 3193 Zaffsrres
893 3097 975 3185 illi,
1011 3125 1085 3193 quas

317 3212 418 3298 vulgo
441 3205 637 3275 Waldanam
659 3199 813 3279 dicimus,
838 3200 1032 3291 procedentes
1055 3198 1084 3267 i·

1193 2387 1279 2462 versa
1318 2390 1416 2465 luille
1455 2394 1620 2471 videntur
1653 2405 1843 2473 Berrol’rii:
1876 2430 1989 2505 gens,

1193 2517 1340 2590 nempe,
1375 2494 1428 2566 uti
1459 2501 1679 2575 Rolandinus
1707 2502 1780 2601 ipse
1807 2532 1869 2579 nos
1897 2507 1962 2579 do-

1192 2592 1294 2670 cuit,
1341 2596 1591 2687 audaciffima,
1637 2600 1707 2672 fine
1752 2607 1876 2677 ordine
1922 2607 1963 2681 in

1192 2690 1325 2784 proelia
1344 2716 1468 2779 ruens,
1494 2694 1533 2766 dc
1555 2723 1777 2794 praecurrens
1801 2704 1893 2778 acies
1914 2709 1959 2781 ad

1191 2789 1323 2860 bellum
1361 2793 1600 2891 compositas,
1641 2799 1682 2872 ad
1720 2829 1841 2878 eorum
1881 2833 1962 2881 mo·

1189 2916 1286 2971 rem,
1313 2891 1374 2988 qui
1399 2897 1573 2970 Serrrideri
1591 2905 1881 3001 appellabantur,
1901 2908 1960 2984 sti-

1191 2992 1321 3092 pendio
1348 2997 1555 3098 plerumque
1583 3005 1781 3099 eondulia,
1809 3037 1880 3083 non
1909 3011 1961 3085 le-

1191 3120 1250 3165 cus
1273 3114 1378 3190 atque
1400 3097 1503 3191 Uffari
1528 3104 1607 3176 aevi
1635 3106 1763 3188 nostri,
1792 3112 1834 3182 ad
1853 3138 1963 3189 omne

1190 3192 1286 3265 nefas
1315 3220 1451 3290 prona,
1491 3220 1597 3298 atque
1633 3205 1671 3276 in
1701 3210 1861 3304 praedam
1891 3241 1957 3312 po-

319 3306 487 3379 rrardiaare
513 3325 588 3375 aare
623 3302 762 3372 milirrrm
793 3299 885 3397 (hoc
913 3298 959 3371 est
987 3327 1084 3371 cava·
1123 3326 1158 3395 1)
1190 3292 1361 3368 tiffimum
1384 3297 1544 3389 intenta,
1572 3305 1671 3403 cujus
1692 3310 1859 3408 cupidine
1878 3341 1962 3389 om-

317 3407 424 3507 lieri)
460 3406 542 3477 scier
567 3402 656 3500 quasi
690 3424 745 3497 per
779 3403 918 3472 milliare
946 3403 990 3468 θ’
1014 3430 1084 3474 am·

315 3511 428 3616 plius,
463 3503 597 3590 animoli
628 3505 796 3601 plusquam
835 3502 996 3598 aportuit,
1036 3501 1083 3582 &²

279 3689 282 3692 ,
316 3612 453 3683 eremium
479 3610 656 3696 irruentes,
683 3605 873 3676 munitiones
899 3600 946 3681 (Ψ
973 3607 1084 3675 barras

296 3700 466 3793 'Tarvifii
501 3711 605 3780 minus
634 3709 789 3805 provide,
827 3707 920 3777 imme
946 3705 1084 3795 infelici-

314 3833 390 3895 rer,
427 3812 653 3884 intraverunt.
692 3808 951 3883 Animadverte
990 3809 1082 3878 Wal-

315 3918 436 3989 rlarram
463 3941 482 3986 e
509 3913 701 4007 Zaffrnibrrs
737 3908 961 3984 constitutam
999 3905 1084 3982 suis-

317 4013 373 4088 se.
402 4011 529 4083 Subdit
547 4016 636 4105 Cap.
658 4033 692 4101 3.
719 4012 813 4081 idern
840 4010 1080 4081 Rolandinusr

318 4121 463 4206 Repente
496 4109 747 4201 supervenerunt
786 4111 978 4189 Berrearii‚
1012 4109 1084 4191 five

1191 3398 1250 3470 nia
1287 3398 1459 3474 audebat.
1504 3407 1724 3485 Rolandiuue
1762 3412 1835 3512 ipse
1872 3416 1959 3494 Lib.

1195 3521 1252 3571 11.
1279 3502 1368 3599 Cap.
1398 3508 1444 3578 16
1481 3509 1630 3602 quosdam
1665 3513 1752 3584 viros
1779 3517 1881 3589 alieni
1905 3547 1961 3591 ess·

1189 3601 1306 3690 pidre,
1332 3629 1406 3697 quas
1433 3610 1632 3698 appellamur
1657 3617 1831 3708 Zap‘senes,
1859 3647 1959 3695 com·

1192 3723 1388 3780 memorat.
1426 3706 1643 3785 Maraudeurr
1670 3743 1688 3789 a
1715 3720 1831 3793 Gallis
1867 3749 1960 3794 nun·

1192 3826 1341 3901 cupatur
1364 3833 1457 3880 nunc
1484 3809 1597 3886 fimile
1621 3816 1865 3916 improborum
1888 3823 1960 3898 mi-

1191 3904 1296 3979 litum
1325 3933 1452 4004 genus.
1480 3916 1551 3985 Eos
1578 3937 1693 3989 autem
1724 3918 1760 3991 in
1790 3949 1880 4021 equo
1908 3924 1960 4000 se·

1191 4009 1312 4079 dentes
1347 4012 1465 4082 lanceis
1501 4013 1577 4089 ulos
1614 4018 1714 4093 luilie
1754 4022 1846 4097 idem
1886 4031 1961 4099 Ro-

1191 4109 1356 4183 landinus
1388 4114 1500 4187 tradit
1529 4121 1600 4193 Lib
1632 4145 1688 4197 12.
1716 4121 1808 4209 Cap.
1836 4135 1870 4201 8.
1896 4135 1962 4200 Pe-

233 4271 235 4275 ,
318 4213 472 4310 Zaffanes
506 4211 664 4308 quidam,
704 4211 759 4303 qai
795 4211 941 4280 lucrandi
970 4213 1083 4301 ‚caused
1122 4236 1151 4308 13
1191 4214 1274 4283 dites
1298 4214 1406 4286 etiam
1428 4221 1579 4292 Beruarii
1606 4222 1642 4296 in
1662 4227 1845 4324 Episcopis
1866 4231 1960 4300 Der-

316 4319 401 4389 circa
424 4320 614 4385 Paduanum
636 4310 803 4402 corfinium
824 4311 920 4402 poliri
943 4336 999 4408 per
1020 4320 1081 4385 1²0.
1114 4373 1117 4394 Ι

316 4417 458 4504 sellarem
484 4417 616 4488 Paduae
639 4413 851 4508 vigilabant,
881 4442 941 4485 nen
969 4442 1078 4487 eurar-

316 4539 366 4591 tes
389 4520 542 4615 peritus,
563 4516 641 4613 quid
665 4515 788 4606 pissas,
808 4517 887 4609 quid
912 4517 1052 4603 bonellus
1062 4545 1083 4606 ,·

315 4628 470 4695 eredentes
498 4619 591 4688 imma
615 4618 719 4709 parius
746 4618 793 4688 idi
815 4616 893 4714 fas,
928 4617 986 4690 ubi
1014 4647 1080 4690 ma-

314 4726 404 4807 reirna
432 4746 561 4792 merres.
601 4718 724 4815 ltaque
753 4719 846 4792 idem
879 4718 972 4794 luere
999 4728 1080 4792 Ber·

316 4827 431 4915 soleii,
466 4823 638 4920 Zafforrrs,
674 4824 708 4895 δι
740 4824 922 4897 Waldana.
961 4827 1081 4916 Quare

317 4945 424 5015 quum
453 4953 537 4999 mox
574 4927 733 4999 laudatus
772 4926 968 4998 Historicus
997 4927 1079 4997 Lib.

319 5042 379 5099 to.
404 5026 491 5122 Cap.
519 5050 554 5121 5.
580 5023 620 5103 &
646 5030 683 5101 6.
717 5030 915 5100 Waldanam
941 5049 1077 5100 memov

1191 4313 1437 4408 thonensrbus,
1474 4324 1594 4396 Tomo
1620 4351 1655 4419 4.
1685 4329 1763 4397 Ital.
1790 4331 1881 4399 Sacr.
1910 4330 1959 4405 ab

1191 4413 1366 4516 Ughellio
1394 4443 1654 4497 memorantur.
1691 4428 1738 4496 Et
1774 4426 1852 4499 lane
1888 4437 1956 4503 Pe-

1186 4523 1270 4591 dites
1295 4549 1363 4593 eum
1387 4521 1504 4591 lanceis
1539 4524 1643 4617 longis
1674 4522 1711 4595 in
1740 4526 1799 4602 usu
1828 4557 1953 4608 eorum

1187 4648 1328 4718 quoque
1354 4641 1552 4717 temporum
1582 4621 1702 4710 luere,
1739 4630 1821 4705 teste
1857 4636 1953 4710 Gui-

1187 4724 1310 4794 lielmo
1348 4725 1505 4794 Ventura
1543 4727 1629 4821 Cap.
1673 4754 1731 4805 21.
1774 4725 1972 4812 Chronici'

1187 4818 1360 4902 Aliensis,
1388 4824 1509 4897 Tomo
1539 4832 1637 4904 xv1.
1679 4839 1757 4908 lter.
1800 4841 1957 4914 Italicar.

1189 4925 1339 4995 Pieebieri
1377 4921 1583 5024 subsequens
1612 4951 1707 5007 aetas
1735 4941 1951 5037 appellavit.

1186 5031 1305 5128 Quare
1329 5025 1403 5130 jam
1429 5026 1626 5136 intelligis,
1666 5064 1787 5116 uocem
1814 5042 1955 5112 Gialde·

1815 5163 1900 5213 rrrerr
