4214 6014
270 223 379 410 '¹35
580 275 1001 398 murmure.
1046 271 1565 412 Mturrautsr,
1746 298 1848 408 ηε,

669 554 710 625 In
736 556 836 625 Porta
861 546 970 648 Burgi
994 545 1154 638 Bafilirae
1178 547 1297 624 sardii
1321 551 1447 626 Pauli.

338 757 431 838 HIC
458 759 633 836 MVRVS
660 757 937 835 SALVATOR
963 755 1152 847 Abest,
1179 758 1508 853 INVICTAQVE
1535 760 1730 847 PORTA.

441 916 560 1009 QVAE
589 911 840 987 REPROBOS
868 911 1063 993 ARCET,
1090 913 1456 1007 SVSCIPIATQVE
1484 914 1609 987 Ptos.

333 1069 483 1170 HANG
512 1066 761 1141 PROCERES
788 1066 1023 1166 INTRATE
1050 1067 1224 1156 SENES,
1243 1067 1574 1160 -JVVENESQVE
1600 1069 1823 1163 Tocn'st,

440 1218 961 1322 PLEBSQVESACRATA
990 1219 1096 1299 DEI,
1123 1219 1317 1293 LIMINA
1344 1222 1553 1293 SANCTA
1583 1222 1794 1299 PETENS.

334 1373 492 1466 QVAM
521 1374 722 1449 PRAESVL·
750 1373 954 1461 DOMINI
971 1372 1239 1445 PATRAVIT
1267 1373 1385 1444 RITE
1412 1374 1701 1462 JOHANNES.

437 1526 531 1620 QVI
559 1526 750 1602 NITIDIS
778 1527 967 1600 FVLIIIT
993 1524 1216 1597 MORIBVS
1244 1526 1314 1598 AC
1341 1526 1570 1600 MERITIS.

335 1677 593 1753 PRAEIIVLIS
619 1679 820 1752 OCTAVI
847 1679 911 1748 DE
939 1678 1146 1752 NOMINE
1174 1678 1348 1751 FACTA
1375 1680 1656 1767 IOHANNIS,

436 1832 564 1904 Ecce
592 1829 925 1920 JOANNIPOLIS
952 1830 1075 1903 VRBS
1103 1832 1423 1904 VENERANDA
1452 1834 1634 1905 CLVIT.

332 1981 571 2058 ANGELVS
599 1984 748 2058 HANG
775 1985 967 2057 DOMINI
995 1984 1167 2057 PAVLO
1192 1986 1307 2058 CVM
1336 1985 1568 2059 PRINCIPE
1598 1985 1831 2062 sANchs

433 2137 730 2211 CVSTODIAT
758 2137 975 2211 PORTAM
1002 2136 1195 2209 SEMPER
1223 2137 1291 2208 AB
1317 2139 1481 2211 HOSTE
1512 2140 1761 2234 NEQVAM.

331 2283 583 2363 INSIGNEM
610 2290 837 2378 NIMIVM‚
864 2290 1015 2362 MVRO
1039 2290 1198 2383 QVAM
1225 2291 1519 2365 CONSTRVIT
1546 2294 1730 2366 AMPLO

434 2443 569 2513 stols
596 2440 927 2514 APOSTOLICAE
955 2439 1085 2512 PAPA
1114 2439 1379 2529 JOHANNES
1405 2444 1579 2517 OVANS
1595 2493 1608 2520 .

332 2590 405 2667 VT
431 2593 522 2666 SIBI
551 2594 674 2668 POST
699 2595 903 2668 OBITVM
929 2594 1163 2668 CELESTIS
1189 2596 1357 2681 JANVA
1388 2597 1545 2668 REGNI

434 2747 751 2836 PANDATVR‚
779 2746 1001 2820 CHRISTO
1027 2747 1124 2820 snT
1150 2746 1448 2820 MISERANTE
1477 2746 1598 2820 Deo·

232 2958 416 3040 Nimirum
458 2962 641 3041 Bafilicam
671 2964 882 3042 Vaticanum
919 2970 996 3044 Leo
1037 2970 1071 3043 A
1112 2966 1229 3066 pullae
1256 2966 1378 3042 Urb'es'
1411 2965 1642 3057 infestabant,
1680 2962 1795 3040 immo
1834 2960 1879 3048 ὰ

229 3066 296 3139 lV.
327 3065 493 3142 Pontifex
530 3069 574 3141 ab
611 3069 869 3165 irruptionibus
895 3075 994 3143 Sara·
1112 3071 1202 3142 Urbi
1253 3069 1315 3165 ipsi
1360 3069 1539 3142 excidium
1589 3067 1848 3143 minitabantur
1862 3085 1880 3147 .’

100 3220 103 3227 -
228 3189 394 3241 cenorum
424 3170 618 3242 immunem
647 3171 810 3265 deinceps
838 3169 994 3243 redditu·
1093 3167 1207 3242 *Audi
1236 3169 1428 3257 Iohannem
1467 3169 1579 3266 iplum
1621 3172 1748 3265 Papam
1788 3168 1879 3271 Epi·

228 3292 314 3353 tus,
343 3268 486 3342 condita
513 3295 607 3342 nova
634 3269 798 3345 Ciuitate
827 3271 991 3363 Leonina,
1109 3269 1183 3344 stol.
1205 3292 1289 3363 255.
1317 3272 1429 3344 carolo
1455 3274 1571 3370 Regi,
1610 3270 1695 3345 idest
1722 3271 1877 3368 Crasso,

227 3369 415 3445 moenibus
443 3397 483 3445 ac
505 3373 776 3474 propugnaculis
797 3375 991 3466 munierat.
1108 3374 1169 3471 qui
1208 3372 1319 3471 postea
1370 3377 1566 3474 Imperator
1605 3373 1652 3447 eli
1692 3375 1876 3449 renuntia·

227 3475 350 3568 Quum
380 3481 465 3549 verb
492 3475 690 3549 barbaricae
730 3474 847 3574 gentis
882 3473 990 3548 insul·
1108 3494 1193 3565 tus,
1244 3479 1353 3549 Anno
1393 3477 1525 3552 Christi
1568 3479 1875 3553 DCCCLXIIIX.

227 3572 324 3649 tibus
360 3576 473 3651 adbuc
508 3576 664 3677 expolita
714 3577 843 3677 jaceret
881 3579 991 3651 altera
1108 3597 1168 3651 aut
1202 3579 1600 3655 Dec(31.xxx.haec
1637 3578 1870 3653 scribentema

226 3673 374 3771 infignis
400 3676 546 3750 Bautica
574 3678 692 3754 sancti
725 3679 852 3764 Pauli,
892 3699 992 3754 extra
1107 3685 1172 3751 Sed
1206 3708 1261 3751 nos
1296 3703 1361 3752 ram
1398 3681 1459 3776 ipsi
1483 3681 1568 3754 diiii
1603 3682 1783 3772 ismaelitae
1808 3677 1876 3778 (ii

226 3775 361 3850 Urbem
390 3776 474 3861 sita,
499 3779 675 3872 Iohannes
702 3786 805 3854 VIII.
832 3785 990 3856 Leonem
1108 3779 1188 3851 sunt
1214 3779 1375 3851 Saraceni
1401 3782 1416 3876 )
1443 3786 1538 3873 quim
1563 3783 1627 3850 alii
1651 3787 1792 3855 concives
1817 3809 1876 3854 no·

224 3878 291 3954 IV.
332 3885 563 3970 aemulatus,
617 3910 748 3961 novam
790 3883 990 3954 Civitatem
1041 3879 1071 3949 B
1100 3878 1163 3958 liri
1204 3876 1416 3968 impugnant,
1464 3906 1501 3948 ae
1543 3883 1796 3977 persequuntur,
1837 3901 1877 3956 ue

224 3981 420 4056 eonllruxit
466 3986 623 4055 eamdem
672 3981 857 4052 Basrlicam
896 3981 992 4049 intra
1079 3996 1192 4046 aaran
1227 4000 1330 4043 muros
1357 3980 1451 4047 Urbis
1478 3981 1682 4064 nullatenus,
1725 3986 1781 4057 uel
1816 3984 1879 4083 qui

225 4082 328 4160 illam
350 4080 609 4179 complebitur,
630 4082 664 4151 dt
685 4072 893 4152 moenibus,
912 4098 993 4148 mu·
1101 4076 1207 4145 labore
1232 4103 1382 4149 manuum
1402 4079 1534 4171 suarum
1553 4086 1672 4157 ‘vivere
1706 4089 1875 4181 valeant,

222 4181 454 4264 titionibus,
481 4206 521 4256 ac
548 4179 661 4282 portis
688 4173 991 4274 circumcingens,
1101 4178 1157 4247 vel
1181 4177 1239 4275 qui
1265 4178 1332 4275 (ar
1359 4182 1407 4254 ira
1431 4185 1597 4286 dixerim)
1638 4190 1873 4275 christianiu-
1934 4226 1937 4231 ·

222 4311 330 4388 quam
371 4285 413 4360 de
456 4281 517 4360 suo
558 4281 704 4357 nomine
744 4280 991 4378 Jobannipolim
1100 4297 1163 4349 rem
1188 4280 1297 4366 suam,
1318 4283 1401 4367 ficus
1425 4297 1536 4367 decre,
1561 4288 1755 4376 observent,
1785 4316 1875 4384 egre·

222 4389 467 4488 appellandam
507 4385 711 4462 mandavit.
756 4388 862 4459 Hanc
903 4389 989 4458 verb
1098 4381 1137 4452 di
1162 4380 1260 4454 libere
1284 4389 1420 4477 poffinr.
1460 4391 1583 4483 Atque
1624 4387 1709 4460 haec
1737 4388 1778 4460 de
1805 4391 1870 4478 Jo-

220 4510 454 4568 memoratam
482 4489 571 4563 alibi
600 4487 755 4561 nondum
796 4485 892 4561 vidi.
932 4483 989 4560 Ita
1098 4481 1213 4561 banne
1241 4491 1342 4559 VIII.
1372 4491 1484 4573 Papa,
1511 4488 1610 4584 cujus
1631 4488 1785 4587 gloriosa
1806 4518 1868 4591 ge·

222 4595 346 4670 codem
375 4595 500 4664 Seculo
527 4618 547 4666 a
573 4589 701 4665 Sicone
729 4587 894 4690 Principe
921 4590 989 4662 Be·
1097 4584 1144 4660 lla
1171 4588 1359 4661 dolendum
1388 4586 1434 4658 est
1461 4589 1611 4662 minime
1638 4592 1680 4663 ad
1708 4617 1771 4665 nos
1792 4620 1872 4681 per·

222 4710 424 4770 mesentano
451 4691 595 4767 condita
622 4691 669 4767 cll
695 4691 860 4775 Civitas,
900 4718 990 4790 quae
1096 4689 1249 4777 venire,
1277 4687 1446 4761 adiserro
1466 4690 1612 4791 aliquo,
1641 4696 1671 4764 tt
1697 4692 1868 4788 synchro-

139 4795 142 4800 ’
222 4821 268 4871 cx
296 4796 369 4898 ejus
397 4794 542 4872 nomine
582 4813 784 4896 nuncupata
823 4794 870 4869 cil
904 4795 992 4865 Sico-
1028 4786 1061 4860 C
1096 4816 1144 4863 no
1184 4789 1362 4889 scriptore
1400 4791 1553 4894 digesta.
1617 4800 1866 4877 Romanorum

219 4898 326 5004 polis.
371 4903 420 4974 Et
458 4896 633 4992 lobannis
672 4900 818 4997 quidem
859 4894 991 4969 Oilavi
1097 4891 1314 4968 Pontificum
1341 4899 1542 4993 exemplum
1571 4896 1608 4971 in
1638 4898 1735 4974 causa
1765 4900 1866 4974 fuine

221 5000 442 5109 temporibus
468 5001 682 5080 ferocientes
709 4997 898 5080 Saraceni,
937 4999 993 5076 A·
1096 4995 1262 5091 uidetur,
1296 5023 1358 5074 cur
1382 5000 1419 5074 δι
1445 4999 1511 5077 alii
1536 5000 1664 5081 Italiae
1691 4996 1863 5100 Epis‹opi

1716 5118 1810 5178 lem·
