4214 6014
200 440 203 449 ¹
280 357 367 444 235
585 332 1001 453 aurinum.
1046 332 1287 422 unns!
1325 335 1506 424 nnus
1721 348 1809 450 ηε

219 468 273 555 res
310 447 349 521 in
375 449 526 524 alterum
564 453 798 552 angustiorem
838 456 870 530 se
897 454 988 531 reci·
1026 456 1063 528 A
1098 454 1229 527 Zironis
1272 452 1377 550 plebis
1415 458 1491 528 &a
1540 455 1664 527 Petrus
1704 453 1868 531 Manlius

219 547 385 641 prebent.
412 556 523 626 Anno
549 557 798 632 MCCCLIV.
825 557 987 633 Castrum
1101 555 1191 629 mihi
1219 554 1318 655 supra
1346 558 1507 630 laudatus
1535 555 1573 629 in
1611 555 1745 632 Histor.
1774 559 1869 631 Bost-

91 667 94 670 ’
216 646 403 725 saviniani
430 654 645 731 Mutinensis
672 659 775 759 agri,
803 655 987 735 antea're·
1098 658 1158 732 lic.
1187 660 1353 732 Vatican.
1380 663 1469 758 Cap.
1496 684 1531 756 7.
1560 656 1702 732 scribit:
1741 661 1870 747 Casiri·

217 745 309 825 belle
335 756 544 832 Marchiani
571 759 722 851 Estenfi‚
749 762 927 838 redditum
950 762 985 838 ei
1097 761 1165 831 lum
1204 762 1355 834 Adriani
1395 761 1594 857 Imperatoris
1635 764 1713 833 miro
1754 764 1870 855 lapide

215 845 287 924 suit
313 884 336 927 a
371 858 516 950 rusticis,
548 861 585 951 [e
619 885 744 961 regente
776 867 896 939 Zirone
930 889 988 964 per
1097 865 1277 936 tabulatum
1301 889 1317 931 .·
1356 866 1438 959 quod
1477 861 1656 953 aedificium
1694 875 1869 937 rotundum

216 960 355 1040 cullodes
375 960 511 1051 forenses
535 964 653 1036 ibidem
676 989 734 1058 pro
757 969 893 1042 Domino
913 979 986 1042 Ar·
1093 965 1162 1054 fuit
1196 993 1264 1037 curn
1299 968 1418 1036 duoom
1452 968 1649 1046 Geronibus,
1682 965 1761 1048 licut
1796 973 1867 1038 Ca-

215 1057 405 1152 chiepilropo
438 1068 626 1138 Mediolani
660 1070 847 1157 exilientes.
886 1075 986 1146 Haec
1089 1067 1240 1153 fielium.
1278 1067 1397 1141 Scribe
1432 1071 1624 1139 Gironibus.
1662 1066 1866 1143 Hadrianus

215 1154 311 1233 idem
333 1164 508 1253 lohannes
535 1167 579 1243 de
600 1171 740 1244 Bazano
768 1172 806 1246 in
829 1171 987 1247 Chroni·
1098 1173 1183 1242 reris
1214 1173 1304 1269 Papa
1333 1175 1421 1251 lV.,
1449 1188 1489 1243 ur
1525 1171 1571 1240 est
1607 1165 1644 1240 in
1673 1168 1746 1266 ejus
1775 1170 1864 1244 Vita

217 1285 262 1336 eo
288 1266 508 1345 Mutinenss.
544 1267 861 1349 Commemoratur
897 1300 987 1374 quo·
1097 1269 1242 1344 circiter
1280 1275 1427 1344 Annum
1469 1267 1602 1343 Christi
1646 1273 1864 1349 MCLVIII.

217 1389 287 1462 que
314 1393 333 1440 a
360 1371 505 1444 Marino
532 1377 665 1449 Sanutn
692 1375 729 1449 in
757 1377 846 1450 Hist.
869 1383 987 1451 Vane.
1034 1368 1072 1440 B!
1096 1370 1182 1445 iecit
1217 1373 1364 1444 Gironem
1399 1373 1437 1446 in
1465 1372 1588 1446 Castro
1626 1370 1865 1457 Radicosani,

215 1482 254 1540 tt
280 1471 390 1545 Tosn.
420 1477 535 1549 xxti.
566 1480 646 1552 Rer.
674 1482 757 1553 Ital.
784 1509 828 1551 un
856 1480 993 1567 Castello

215 1568 374 1644 ebiomato
412 1575 439 1646 il
474 1577 619 1654 Girone.
662 1584 844 1655 Praeterea
886 1579 993 1654 refert

219 1665 417 1771 Ughellius
444 1681 554 1751 Tom.
584 1705 617 1754 2.
649 1684 728 1754 Ital.
749 1687 840 1756 Sacr.
860 1680 898 1754 in
919 1686 990 1755 Ar·

217 1772 432 1874 chiepiscop.
463 1784 661 1855 Ravennat.
688 1781 862 1856 Chartam
889 1783 992 1857 Anni

216 1876 436 1952 MCLVIII.
468 1879 505 1952 in
546 1909 616 1980 qua
652 1884 859 1958 Bonifacius
895 1883 991 1958 filius

217 1978 407 2054 Lambeati
427 1981 589 2058 Comitis
616 1984 748 2060 fatetur
776 1986 927 2087 spediare
949 1986 992 2059 ad

215 2079 429 2156 Anselmum
477 2085 800 2188 Archiepiscopum
844 2109 993 2185 quartam

215 2201 341 2275 partem
374 2185 477 2283 supro
515 2186 600 2261 arrii
638 2191 746 2280 Casiri
786 2192 908 2284 Novi,
944 2188 992 2271 (θ’

1067 1440 1252 1567 iturribus
1279 1474 1486 1557 munitum,
1522 1472 1561 1549 lit
1598 1475 1675 1547 alto
1709 1471 1863 1551 fossato·-

1096 1575 1151 1650 Ira
1178 1580 1257 1650 Arx
1285 1577 1404 1651 sanari
1439 1575 1571 1650 Felicis
1597 1575 1637 1650 in
1664 1602 1750 1677 agro
1774 1580 1862 1651 Mu·

1095 1678 1220 1751 tinensr
1248 1681 1424 1778 appellata
1460 1678 1614 1751 Girouurn
1649 1676 1741 1762 fuit,
1776 1677 1860 1754 teste
1896 1734 1898 1741 -

1095 1780 1251 1879 Gasparo
1277 1781 1400 1855 Sardio
1426 1781 1466 1854 in
1494 1780 1626 1854 Histor.
1659 1782 1861 1856 Ferrarien·

1096 1881 1140 1955 ss.
1176 1882 1322 1956 Montio
1348 1909 1490 1982 quoque
1517 1881 1562 1956 est
1593 1883 1749 1973 Gitonis,
1779 1901 1861 1956 tan·

1095 2011 1199 2082 quom
1229 1987 1350 2067 Arois,
1378 1986 1417 2058 in
1441 1984 1605 2064 Charta,
1631 2008 1735 2081 quom
1765 1983 1861 2060 mihi

1095 2086 1335 2186 inppeditavit
1381 2085 1509 2164 Codex
1553 2086 1679 2162 MSttts
1727 2085 1860 2162 Cencii

1094 2186 1321 2265 Camerarii.

277 2409 517 2497 contractus
546 2411 595 2498 de
625 2412 804 2502 emtione
837 2407 1060 2500 medietatis
1091 2407 1255 2498 Gironis
1285 2413 1365 2498 five
1396 2408 1510 2499 Arois
1539 2411 1588 2497 de
1619 2409 1803 2523 Gualdo‚

335 2524 458 2613 {adius
491 2556 669 2648 tempore
702 2531 869 2620 Domini
911 2525 1097 2641 Gregorii
1140 2536 1264 2645 Papae
1297 2536 1366 2616 IX.
1398 2537 1434 2616 tr
1468 2531 1637 2615 Domini
1669 2536 1743 2617 Bc·

424 2649 571 2735 oudini
604 2651 825 2736 Camerarii
856 2649 1025 2758 ejusdem
1064 2673 1130 2756 per
1162 2646 1385 2732 Dominum
1419 2646 1651 2733 Alatrinum

541 2772 718 2851 Ducasus
750 2763 954 2882 spoletani
986 2763 1224 2874 Rediorem,
1254 2769 1377 2852 Anno
1412 2793 1538 2878 1235.

266 2994 303 3066 N
335 2995 457 3085 ChrilIi
491 3001 634 3075 nomine.
664 3010 794 3078 Arnen.
823 3011 927 3078 Anno
952 3025 983 3070 e-
1021 2997 1054 3071 C
1092 3024 1135 3072 na
1160 2999 1326 3092 recipienti
1357 3004 1487 3094 plenam
1512 3001 1675 3075 licentiam
1702 2999 1746 3070 Θ·
1770 3017 1860 3090 prte-

288 3097 413 3190 luldtm
451 3104 628 3189 Millelimo
665 3106 879 3183 Ducentesimo
907 3102 984 3177 Tri-

111 3236 115 3250 ·
211 3197 330 3294 galima
364 3202 530 3295 Quintio,
568 3206 744 3278 latiniano
780 3211 871 3279 VIII.
905 3227 982 3275 tem·
1030 3258 1034 3265 -

211 3322 287 3398 pore
323 3304 457 3375 Domini
492 3308 639 3404 Gregorii
673 3315 784 3405 Papae
824 3314 882 3381 IX.
918 3308 986 3377 eai-

208 3402 349 3492 flentis,
374 3405 429 3476 die
459 3412 533 3482 VII.
563 3411 706 3482 intrante
732 3411 845 3502 Mense
871 3408 986 3490 Maii.

214 3510 284 3579 Nos
309 3507 436 3603 quidem
453 3509 642 3599 Ofreducius
668 3515 821 3610 Georgii,
850 3507 899 3598 &f
916 3517 986 3603 Ja-

214 3612 304 3681 cobus
333 3617 491 3703 quondam
527 3617 664 3687 Domini
700 3612 885 3689 Benadalli
911 3615 987 3685 olim

213 3712 255 3780 aa
281 3710 429 3802 Gualdo,
451 3711 526 3806 jure
553 3718 681 3813 proprio
700 3719 891 3805 vendimus,
918 3738 985 3788 tra·

211 3811 346 3892 dimus,
373 3810 421 3893 θ’
446 3823 663 3904 concedimus,
689 3824 826 3912 damus,
852 3820 987 3889 cedimus

214 3914 260 3984 0·
294 3919 482 3990 mandamus
524 3927 617 3993 vobis
655 3927 792 3994 Domino
827 3920 986 3991 Aletrino
1008 3900 1070 3968 'D'

213 4015 351 4088 Domini
386 4025 494 4111 Papae
527 4023 729 4092 subdiacono
758 4017 806 4096 a&
833 4019 985 4104 Capella·

214 4140 278 4194 rto,
323 4139 405 4185 nuno
448 4123 590 4189 Ducatus
625 4114 791 4212 spoletani
826 4112 960 4186 Renoua·
973 4165 984 4197 ,

212 4216 378 4305 recipienti
404 4219 527 4292 nomine
554 4219 601 4299 ὅγ’
627 4219 699 4291 uice
726 4227 892 4291 Romanae
918 4222 984 4288 Ee·

213 4318 355 4402 eladae,
398 4323 530 4394 Domini
569 4330 679 4420 Papae
717 4320 894 4418 Gregorii,
935 4318 984 4398 &⁴

207 4418 407 4516 sureefforum
433 4426 524 4517 eius,
550 4447 672 4519 partem
698 4425 858 4515 nostram,
891 4421 983 4512 Icili-

91 4580 97 4586 .
212 4543 260 4596 eet
304 4528 531 4603 medietatem
574 4527 722 4602 Gironis
764 4525 835 4602 stre
877 4523 984 4600 Arcis

212 4629 319 4719 indus
355 4629 467 4704 Castri
502 4633 546 4706 dc
581 4634 750 4718 contro,
781 4629 938 4703 videlieet
963 4655 985 4700 a

213 4734 445 4812 carbonariis
474 4733 578 4833 ipsius
605 4733 755 4809 Gitonis
793 4734 881 4805 Intus
917 4758 984 4802 cum

215 4837 290 4930 ipds
316 4839 575 4924 carbonariis,
611 4837 660 4919 &¹
695 4842 786 4910 rebus
810 4831 981 4914 omnibus,
1022 4807 1051 4876 Ε

211 4935 338 5032 jurium
365 4944 412 5024 ἐφ’
447 4945 649 5015 utilitatibus
688 4941 788 5033 iplt'us
826 4937 980 5010 Gitonis·

1085 3100 1200 3187 liutem
1225 3106 1331 3192 vestra
1356 3104 1545 3175 aufioritate
1574 3101 1779 3196 poffeffionem
1805 3102 1860 3171 in·

1091 3203 1229 3284 trandi,
1267 3205 1432 3283 habendi,
1469 3206 1618 3294 terrendi,
1657 3202 1835 3298 poffidendi
1847 3248 1861 3283 ,

1087 3302 1246 3396 fruendi,
1287 3303 1336 3384 (J
1376 3306 1527 3401 quicquid
1560 3305 1653 3378 vobis
1687 3308 1727 3375 de
1762 3323 1862 3372 cetere

1089 3428 1146 3501 pro
1172 3408 1312 3491 Ecclesia
1349 3416 1498 3481 Romana
1529 3407 1685 3501 placuerit
1718 3403 1862 3495 faciendi

1090 3527 1253 3604 tamquam
1279 3514 1318 3582 de
1344 3537 1377 3580 re
1401 3511 1532 3608 propria
1565 3508 1663 3601 ipsius
1692 3516 1862 3579 Romanae

1092 3613 1273 3696 Ecdeme,
1310 3612 1381 3698 sine
1416 3610 1554 3705 alicujus
1591 3613 1647 3683 vel
1682 3612 1860 3707 aliquorum

1091 3714 1360 3788 contradidlione.
1390 3719 1436 3786 Et
1463 3725 1576 3787 damus
1590 3765 1602 3797 ,
1629 3715 1786 3798 cedimus,
1813 3711 1859 3781 θ’

1092 3823 1279 3886 mandamus
1304 3816 1397 3884 vobis
1426 3817 1561 3886 Domino
1586 3816 1772 3905 Alatrino,
1808 3837 1859 3882 rs-

1090 3914 1222 4001 cipirnti
1264 3915 1388 3982 nomine
1414 3913 1462 3993 θ
1487 3917 1558 3986 vice
1594 3924 1759 3986 Romanae
1793 3918 1859 3986 Ec·

1091 4011 1199 4088 cleliae
1224 4014 1329 4083 omnia
1357 4013 1452 4098 iura,
1477 4020 1637 4114 omuelque
1659 4016 1798 4090 a‘Ir'ones
1817 4041 1857 4085 u·

1091 4114 1189 4195 tileo,
1215 4115 1377 4199 eirenes,
1405 4122 1526 4203 reales,
1550 4118 1748 4218 personales,
1776 4116 1858 4189 toci·

1091 4236 1142 4285 tas
1168 4215 1214 4295 θ’
1240 4218 1416 4311 expreffas,
1451 4252 1530 4318 quas
1566 4226 1610 4293 θ
1644 4248 1723 4316 quat
1759 4217 1859 4286 babe-

1091 4344 1159 4387 mus
1193 4322 1248 4391 vel
1285 4323 1397 4395 balare
1432 4328 1579 4395 videmur
1615 4323 1649 4388 in
1688 4314 1860 4407 praediola

1090 4423 1259 4494 medietate
1284 4427 1436 4498 Gironis.
1464 4427 1692 4499 Conllituentes
1718 4441 1773 4511 per
1798 4445 1859 4492 vot

1090 4523 1191 4616 ipsam
1219 4535 1399 4597 Romanam
1425 4525 1594 4602 Eccleliam
1619 4523 1860 4617 procuratricem

1090 4648 1251 4723 tamquam
1279 4630 1312 4695 in
1340 4655 1403 4695 rem
1431 4628 1541 4704 luam.
1582 4631 1658 4697 Item
1693 4626 1856 4718 promitti·

1089 4754 1157 4798 ruus
1192 4730 1281 4798 vobis
1318 4728 1491 4818 stipulanti
1527 4732 1650 4800 nomine
1691 4738 1857 4802 Romanae

1090 4828 1271 4917 Ecclefiae‚
1297 4836 1382 4927 quod
1409 4834 1491 4902 nulli
1518 4836 1683 4915 dedimus,
1711 4861 1764 4905 nec
1788 4831 1855 4905 uli·

1089 4958 1148 5029 quo
1171 4938 1257 5005 modo
1274 4939 1462 5030 eonrrffimus
1482 4935 1604 5009 dilium
1625 4937 1757 5012 nollronr
1778 4958 1856 5022 par-

181 5100 188 5123 ,
214 5042 342 5113 Dentes
366 5046 461 5119 uobis
487 5067 547 5140 pro
573 5040 665 5119 aida
691 5039 832 5129 Ecrlasta
857 5045 980 5113 Roma·
1045 4998 1067 5110 l
1088 5057 1151 5110 teor
1175 5035 1271 5136 ipfius
1296 5045 1449 5138 Gitonis,
1475 5045 1530 5119 vul
1553 5041 1620 5140 ejus
1640 5039 1697 5137 jus
1721 5035 1853 5127 aliquod
