4214 6014
283 373 362 456 541
527 339 932 430 '‘DISSERTATIO
967 335 1522 445 VIGESIMASI'PI'IMA.
1722 365 1803 449 542

220 461 304 534 teris
344 461 381 534 in
429 459 543 535 Iimho
584 467 725 539 LVDO
751 516 761 536 .
788 517 798 536 .
899 518 908 536 .
936 519 984 538 ..
1028 467 1061 539 A
1104 459 1301 535 serratum.
1339 455 1394 530 Ihi
1422 453 1557 555 effigies
1585 451 1761 546 Principis
1790 457 1865 524 lau·

220 568 665 666 AQVILEGIENSIVM
740 569 984 641 PATRIAR·

220 671 329 739 (ΗΛ
360 671 647 742 ECCLESIAM
686 672 984 748 RESTITVIT.

219 768 264 844 In
293 769 419 867 possita
448 773 584 844 mtlites
612 775 865 864 procedentes,
902 801 983 847 cum

221 870 408 970 epigraphe
436 877 726 950 eccsestnm
757 878 985 950 RESTlTuit

220 976 283 1045 Ex
328 975 491 1048 A'LTO.
537 974 677 1070 Speflat
720 977 907 1053 Numisma
943 981 983 1054 ad

220 1075 421 1148 Ludwieum
447 1083 651 1170 Scatampum
676 1084 882 1151 Carrinatem
910 1087 984 1155 An·

221 1202 271 1248 ao
298 1173 431 1249 Chrilli
460 1180 719 1253 MCCCCIIL.
747 1184 1000 1256 Patriarcham

223 1276 398 1363 elesium,
433 1280 495 1375 qui
536 1283 761 1353 concordiam
806 1311 885 1357 cum
916 1291 987 1359 Ve-

1104 562 1192 637 reati
1229 587 1308 634 cum
1346 557 1577 650 inscriptione
1613 559 1869 628 SIGISMVN-

1106 671 1235 740 DV&
1262 665 1576 737 PANDVLFVS.
1628 661 1871 732 Manate-

1105 773 1212 844 STA.
1235 771 1294 838 ΡΑ
1304 763 1424 857 Ndutfi
1444 767 1571 836 Filius.
1593 764 1634 834 In
1654 758 1771 833 aversa
1792 786 1875 856 pro·

1105 870 1240 966 spesius
1282 867 1431 966 Templi
1471 859 1709 940 Ariminensrs
1749 861 1869 936 sanati

1106 969 1307 1055 francisci,
1345 973 1389 1043 ab
1424 967 1502 1068 ipso
1542 964 1748 1056 aedificati,
1791 991 1873 1037 cum

1104 1074 1293 1173 epigraphe
1331 1074 1619 1150 relecturum
1647 1071 1886 1141 ARIMINI..

1105 1180 1363 1251 Temenum
1395 1152 1512 1247 astu
1545 1172 1776 1245 nanctae
1804 1169 1872 1239 vt.

1055 1360 1062 1371 ,
1104 1307 1191 1350 vens
1211 1284 1299 1352 Fectt
1325 1279 1552 1352 MCCCCL.
1577 1272 1673 1347 Vide
1708 1269 1800 1344 insta
1827 1267 1869 1342 ad

158 1409 163 1418 ¹
221 1380 316 1453 netis
344 1384 436 1452 Foro
462 1380 550 1470 Julii
577 1381 846 1459 dominantibus
874 1387 988 1462 iniit.
1029 1394 1058 1466 B
1106 1408 1230 1453 vocem
1259 1380 1454 1466 Malatellae
1479 1378 1550 1451 alia
1578 1372 1804 1452 Numismata
1830 1370 1873 1444 ad

291 1585 842 1663 'ARIMINUhL

329 1789 387 1857 On
403 1813 512 1861 unum
531 1789 746 1874 Ariminensis
764 1793 854 1867 Urbis
872 1799 989 1870 Num·

357 1913 453 1961 mum
477 1891 573 1972 vidi,
600 1892 725 1967 diversi
745 1896 888 1994 quidem
912 1925 989 1984 mo·

224 1993 325 2089 du113
355 1987 410 2061 sed
438 1991 475 2065 in
500 1989 642 2091 singulis
661 1996 780 2070 eadem
807 1996 917 2072 Ierme
936 1998 988 2073 sa·

225 2090 296 2164 cies
332 2112 425 2163 erat.
464 2099 597 2167 Romae
633 2124 740 2171 unum
779 2097 926 2199 possidet
952 2129 988 2177 e·

1106 1511 1185 1558 eum
1214 1482 1435 1585 spe-stantia.

1251 1689 1284 1761 A
1317 1691 1346 1760 R
1376 1690 1405 1760 R
1434 1689 1463 1759 E
1490 1687 1527 1759 Τ
1554 1689 1571 1759 I
1599 1688 1633 1759 U
1660 1687 1727 1760 M.

1214 1882 1300 1964 ntis
1324 1890 1502 1964 Arretinae
1530 1888 1704 1964 vesullum
1733 1911 1871 1960 aereum
1909 1911 1911 1921 ·

1238 1997 1436 2067 Nummum
1464 1990 1613 2064 ostendit
1644 1989 1734 2062 mihi
1767 1986 1871 2060 nobi·

1105 2100 1150 2170 lis
1179 2097 1236 2169 vir
1262 2092 1301 2167 ἃ
1330 2098 1444 2192 Eques
1481 2091 1673 2192 Gregorius
1712 2089 1870 2177 Radius,

225 2192 365 2292 gregius
409 2193 505 2267 inter
549 2196 718 2272 Eruditos
768 2203 826 2274 vir
869 2201 1024 2291 Abbasl
1106 2197 1326 2272 celeberrimi
1356 2195 1427 2269 viri
1457 2192 1634 2267 Francisci
1672 2191 1795 2273 lilius,
1832 2215 1871 2262 ac

128 2345 130 2349 «
225 2293 430 2368 franciscus
467 2296 645 2382 Valesius,
681 2299 720 2375 δι
757 2304 923 2377 Mutinae
951 2333 987 2379 a·
1030 2302 1066 2378 C
1106 2299 1282 2374 Patricius
1301 2296 1511 2372 Arretinus.
1537 2295 1698 2370 Similem
1727 2316 1870 2391 quoque

145 2477 149 2483 ¹
225 2396 295 2468 lios
331 2393 460 2472 smiles
497 2420 679 2498 argenteos
716 2404 875 2480 adservat
903 2410 988 2480 Ber·

226 2496 426 2573 tacchiniua
463 2500 498 2573 in
536 2501 598 2577 suo
633 2503 781 2597 Museo,
820 2508 988 2582 Domini-

226 2625 287 2673 cus
328 2599 572 2697 Vandellius,
615 2608 649 2678 &
697 2609 989 2686 Bartholomaeus

225 2700 413 2792 Solimus,
440 2729 550 2780 nunes
575 2707 734 2783 laudati.
771 2712 826 2786 Ibi
854 2712 989 2813 effigies

225 2803 392 2899 Episcopi
421 2805 568 2896 sanni,
605 2837 684 2883 cum
714 2814 829 2887 literis
860 2818 926 2887 PP.
956 2821 988 2890 8.

226 2910 534 2980 GAVDECIVS.
573 2913 605 2982 Is
644 2911 689 2983 est
723 2915 863 2986 sannas
898 2922 988 2986 Gau-

225 3009 352 3078 dentius
390 3008 588 3104 Episcopusg
624 3013 658 3084 8<
698 3033 865 3110 patronus
894 3019 988 3092 ‘Atl-

226 3107 455 3182 minenssum.
484 3111 522 3182 ln
545 3116 655 3186 altera
676 3113 765 3200 facie
785 3115 887 3191 Crux
909 3146 987 3193 cum

1105 2402 1264 2477 adservat
1302 2399 1502 2474 Placentiae
1537 2396 1636 2496 saepe
1671 2396 1763 2473 mihi
1793 2419 1870 2466 me·
2020 2426 2023 2436 ¹

1106 2523 1261 2579 moratus
1289 2503 1410 2575 Abbas
1436 2497 1701 2600 Chiappinius,
1729 2500 1761 2570 δι
1785 2495 1874 2569 Mu·
1920 2538 1924 2546 ·

1105 2608 1203 2681 tinae
1230 2603 1523 2678 Bartholomaeus
1550 2601 1735 2675 Solianus.
1764 2600 1804 2672 In
1832 2625 1874 2671 u·

1106 2735 1149 2781 na
1179 2729 1274 2807 parte
1293 2706 1430 2806 effigies
1453 2702 1570 2777 Sansii
1595 2703 1762 2802 Episcopi
1790 2726 1872 2773 cum

1106 2808 1294 2906 epigraphe
1334 2813 1367 2882 S.
1410 2808 1689 2895 DONATVS.‚
1736 2801 1874 2875 seilicet

1107 2911 1281 2985 Civitatis
1310 2913 1504 2983 Patronus.
1543 2909 1585 2979 In
1622 2909 1732 2978 altera
1768 2902 1873 2978 Crux

1107 3037 1185 3086 cum
1216 3011 1330 3085 literis
1367 3012 1500 3084 circum
1537 3007 1691 3082 exaratis
1726 3008 1791 3080 DE
1819 3012 1876 3081 A·

1109 3117 1274 3188 RITIO.
1367 3108 1372 3116 ’
1409 3156 1412 3161 ·

225 3211 414 3310 epigraphe
452 3216 514 3285 DE
553 3219 805 3292 ARIMINO.
842 3221 908 3295 Uti
950 3222 988 3295 in
1023 3210 1068 3281 'D
1157 3214 1333 3290 Secundus
1371 3169 1491 3304 parum
1528 3210 1721 3298 absimilis,
1759 3211 1801 3285 ab
1830 3239 1871 3286 o·

227 3313 395 3387 Numinis
438 3317 702 3409 Anconitanis‚
741 3320 793 3394 ita
834 3324 868 3394 δι
910 3323 989 3398 heic

226 3412 331 3489 habes
376 3414 460 3487 duas
504 3417 625 3491 literas
671 3420 738 3493 1²1².
781 3422 989 3520 praepositas

226 3515 368 3589 nomini
389 3514 507 3588 Sansti
522 3516 738 3592 Gaudentii:
787 3548 849 3594 nae
865 3550 990 3620 quam·

226 3615 283 3688 vis
304 3621 397 3707 Papa
417 3615 503 3686 alibi
532 3614 752 3714 significent,
805 3621 858 3694 cic
877 3622 990 3696 alium

227 3717 266 3792 in
304 3714 411 3788 finem
452 3714 633 3791 adhibitae
669 3717 857 3804 videntur,
897 3721 991 3821 quali

228 3818 352 3892 sonent
387 3822 560 3912 Perpetuus
599 3824 789 3911 Patronus,
831 3820 889 3899 seu
924 3831 992 3900 ra-

227 3921 311 3992 triue
335 3916 516 4009 Prstrssur,
544 3941 605 3995 aut
631 3922 727 3996 aliud
756 3922 887 4002 fimiIe.

281 4022 449 4095 Alterum
486 4021 750 4100 Ariminensem
791 4029 990 4102 Nummum

202 4250 308 4300 ,mae
336 4223 481 4325 poffidet
519 4225 728 4319 Benedislus
766 4231 995 4308 Floravantes

229 4329 381 4415 abbas,
407 4327 471 4424 qui
499 4328 542 4400 de
570 4329 738 4401 Nummis
766 4330 993 4425 antiquorum

230 4428 448 4504 Pontificum
485 4430 625 4531 optime
661 4429 807 4507 meritus
834 4431 902 4506 est.
939 4434 995 4511 Ibi

231 4531 270 4605 in
312 4532 463 4606 circuitu
506 4553 612 4621 arque
661 4532 698 4605 in
739 4556 816 4609 area
864 4535 998 4635 legitur

233 4637 382 4708 SANT.
396 4638 641 4710 tthartvs
652 4691 661 4708 .
674 4636 714 4707 in
731 4637 859 4716 nollica
876 4633 997 4725 Crux,

233 4736 266 4808 δι
289 4735 413 4806 literae
432 4736 469 4809 in
485 4739 633 4811 ‘limbos
666 4742 727 4811 DE
754 4734 997 4818 ARIMINO.

288 4836 490 4934 Adiungere
535 4842 643 4912 etiam
694 4845 809 4938 placet
859 4869 996 4918 aereum

234 4945 466 5020 Nummum,
508 4936 563 5014 seu
606 4941 722 5035 potius
773 4945 998 5027 Numisma‚

1106 3319 1170 3393 lim
1199 3322 1258 3392 CI.
1281 3323 1325 3391 V.
1354 3320 1517 3391 Huberto
1545 3315 1807 3415 Benvogliento
1832 3313 1875 3388 ad

1106 3447 1163 3492 me
1191 3421 1331 3498 missus,
1359 3419 1449 3488 hanc
1476 3416 1744 3510 inscriptionem
1774 3442 1874 3514 prae·

1106 3520 1175 3593 sert
1204 3523 1271 3592 PP.
1299 3525 1331 3590 S.
1360 3521 1624 3589 DONATVS.
1664 3520 1787 3614 Nuper
1816 3516 1876 3590 vi·
1910 3534 1916 3544 '

1107 3619 1224 3690 dimus
1264 3617 1302 3689 in
1345 3615 1610 3698 Anconitanis,
1650 3611 1690 3689 ἃ
1733 3615 1876 3692 Arimi·

1108 3717 1267 3793 nrnhbus
1294 3717 1464 3793 Nummis
1490 3743 1671 3792 occurrere
1705 3718 1777 3793 duo
1806 3722 1876 3795 I’P.

1109 3819 1264 3920 praefixa
1299 3818 1506 3894 nominibus
1542 3819 1749 3894 Sansiorum
1787 3820 1877 3917 Epi·

1110 3923 1317 4016 scoporum,
1341 3919 1541 3995 earumdem
1561 3920 1766 3996 Civitatum
1788 3925 1878 3996 Pro-

1110 4024 1311 4098 tesiorum.
1350 4022 1485 4097 Postica
1521 4022 1627 4098 habet
1665 4027 1731 4097 DE
1767 4026 1877 4101 ARI-

228 4144 458 4220 atgenteum‚
495 4151 645 4220 eumque
681 4126 883 4219 vetustum,
921 4136 992 4206 Ro.
1037 4113 1066 4183 E
1109 4130 1219 4200 Tro·
1423 4159 1446 4174 .,
1928 4159 1930 4163 .

1161 4225 1308 4303 Tertius
1334 4241 1520 4329 argenteus
1545 4255 1663 4326 penes
1699 4221 1878 4303 eruditum

1110 4328 1401 4421 Iurisconsultum
1451 4328 1673 4403 Franciscum
1718 4328 1877 4402 Mariam

1111 4430 1344 4525 Joachinum,
1375 4431 1585 4506 Auditorem
1616 4435 1728 4503 Rotae
1755 4432 1875 4503 Bono·

1111 4531 1262 4617 nienfis,
1288 4536 1455 4633 pollicum
1482 4531 1772 4608 tantummodoa
1799 4531 1875 4632 pri·

1112 4665 1172 4713 mo
1199 4639 1373 4712 diversam
1400 4638 1529 4710 habet.
1869 4664 1873 4671 ·

1162 4744 1319 4831 Quartus
1348 4744 1525 4812 Nummus
1551 4765 1571 4812 e
1599 4735 1730 4826 schedis
1767 4737 1875 4809 Blan-

1112 4839 1315 4919 ehinianis,
1352 4844 1513 4911 Veronae
1550 4839 1585 4911 in
1624 4838 1749 4912 Museo
1784 4841 1872 4912 Mu·

1113 4942 1260 5016 selliano
1288 4939 1511 5013 adservatus.
1551 4937 1768 5018 praecedenti
1800 4938 1871 5014 fere

234 5041 404 5152 Mutinae
438 5041 478 5118 in
504 5041 633 5164 Museo
660 5048 911 5125 Bertacchinio
938 5050 1000 5125 ad·
1080 5043 1237 5138 tfimilis
1264 5042 1328 5122 eli.
1354 5042 1506 5146 Legitur
1532 5037 1571 5122 ἃ
1597 5041 1650 5120 ibi
1677 5045 1742 5118 DE
1772 5044 1875 5116 ARI-

1709 5146 1823 5242 Tuo.
