4214 6014
283 336 376 474 3'61·
564 340 935 438 niisiimiio
979 294 1532 440 manumiserimus
1722 367 1815 476 ,u
1995 447 2004 456 .

218 474 342 651 pitens
369 469 584 546 vinium
611 471 709 543 iar,
733 472 779 542 v.
805 469 845 541 in
872 460 991 542 eversa
1031 469 1067 542 A
1160 464 1384 545 undecimus
1431 496 1553 545 aureus
1592 471 1717 549 iiiiii
1768 507 1871 574 penes

241 576 316 650 acie
344 574 577 648 BONONlA
604 571 694 645 cum‘
713 567 906 669 infignibus
929 587 991 642 aut

224 677 356 777 Legati
386 671 596 762 Pontificii,
622 690 683 747 aut
707 669 989 746 Consanonerii.

223 783 405 855 Nummus
424 775 523 851 cusiis
544 777 653 847 Anno
671 770 808 848 Christi
826 773 989 848 Mece-

277 980 457 1078 Septimus
484 984 690 1070 Nummus,
719 979 759 1054 in
786 977 989 1075 praelauda-

226 1101 267 1159 to
294 1081 422 1158 Museo
449 1081 699 1156 Berracchinio
724 1080 909 1178 exiliens,
935 1109 988 1155 re·

225 1185 365 1259 centior
391 1184 462 1267 cll,
499 1203 603 1280 atque
630 1210 648 1255 a
677 1184 839 1256 Bononia
878 1184 989 1258 libera

1110 573 1373 664 praelaudatum
1423 576 1593 662 Joannem
1636 577 1870 658 Dominicuni

1110 672 1349 766 Baciallium,
1385 700 1405 747 a
1441 674 1592 749 Secretis
1626 681 1773 754 Senatus
1799 685 1872 758 Bo·

1109 772 1308 850 noniensis.
1347 779 1387 849 ln
1415 775 1491 872 ejus
1516 775 1632 851 antica
1664 779 1814 858 babetur
1836 781 1871 860 i·

1108 901 1213 975 mago
1249 877 1366 952 Sansii
1405 875 1500 952 Petri
1529 877 1691 979 Apostoli
1725 908 1806 958 cum
1832 911 1872 962 e-

1110 978 1277 1079 pigtapbe
1294 984 1327 1054 S.
1350 983 1539 1055 PETRVS
1558 984 1887 1060 Ammius:

1110 1080 1242 1155 Pollice
1271 1077 1419 1183 praefert
1446 1080 1483 1154 in
1504 1108 1582 1156 area
1607 1086 1766 1160 Leonem
1785 1114 1867 1187 gra·

1106 1183 1263 1258 dientem
1294 1211 1374 1259 cum
1403 1182 1578 1276 Vexillo,
1613 1185 1651 1258 in
1681 1184 1779 1286 cujus
1805 1214 1869 1262 ex·

225 1287 416 1384 perculsus.
443 1284 500 1360 Ibi
526 1283 662 1382 effigies
681 1284 799 1358 Sanbli
830 1285 988 1358 Petronii
1107 1285 1288 1359 tremitate
1315 1284 1477 1361 inferiori
1503 1284 1550 1359 est
1575 1287 1750 1384 quoddam
1788 1315 1867 1387 par-

225 1387 420 1486 Episcopi,
456 1411 559 1487 quem
599 1384 835 1459 Bononienses
865 1390 983 1458 Patro·
1036 1380 1065 1451 B
1107 1389 1229 1462 nulum
1258 1389 1400 1462 stemma
1435 1387 1686 1488 gentilitium.
1723 1392 1868 1486 Legun·
1985 1469 1988 1474 ,

226 1513 311 1562 num
352 1487 415 1562 fibi
455 1488 499 1562 ab
535 1484 694 1586 antiquis
731 1484 885 1561 Saeculis
925 1486 985 1558 lia·

222 1591 339 1679 bent,
378 1616 458 1664 cum
499 1588 689 1690 epigraphe
728 1592 761 1662 S.
803 1590 986 1662 PETRO-

223 1694 362 1768 NlVS.
391 1695 432 1764 ln
459 1690 576 1766 aversa
604 1708 702 1790 parte
729 1692 806 1764 Leo
832 1688 920 1762 liaris
947 1689 984 1762 iri

223 1792 471 1893 posterioribus
512 1793 694 1888 pedibus,
733 1793 768 1864 ie
810 1790 984 1865 vexillum

223 1893 371 1994 pedibus
398 1894 611 1983 primoribus
638 1910 785 1974 tenens,
821 1919 902 1966 cum
938 1892 984 1966 li·

223 1993 309 2073 tetis
337 1997 568 2070 BONONlA
598 1999 789 2070 DOCET:
820 2021 891 2094 quo
909 1995 984 2068 elo·

223 2095 286 2194 gio
327 2096 607 2194 praerogativam
645 2096 812 2194 antiquae
846 2094 985 2169 Acade·

224 2196 319 2270 miae
345 2195 423 2271 suae
450 2195 677 2272 Bononienbs
698 2198 853 2300 Populus
872 2195 984 2272 adbuc

223 2296 263 2373 in
291 2297 360 2373 suis
389 2300 558 2375 Nummis
584 2298 728 2396 prodit.

274 2399 433 2477 Odiavus
459 2401 498 2476 in
525 2401 646 2478 eodem
674 2399 803 2477 Museo
827 2401 983 2480 Crucem

224 2499 264 2576 iii
294 2528 372 2578 area
413 2503 563 2596 praescit
597 2531 677 2579 cum
715 2503 829 2579 tribus
864 2504 985 2580 Stellis

224 2601 470 2703 superpofitis.
499 2605 558 2679 Ad
593 2633 699 2706 quem
736 2607 867 2702 speeies
896 2604 984 2683 illud

224 2704 385 2796 Infigne,
426 2707 676 2806 inquirendum
713 2708 877 2806 relinquo
912 2706 984 2788 iis,

223 2807 285 2903 qui
313 2809 392 2880 otio
412 2811 610 2883 abundarit.
638 2809 875 2884 Circumstant
902 2813 986 2885 lite·
1034 2811 1051 2853 ¹¹

1051 2968 1053 2974 .
1103 2908 1245 2987 cliinio.
1275 2911 1348 2988 Diu
1374 2909 1469 2984 enini
1497 2908 1671 2999 Jobannes
1697 2907 1772 3027 ipse
1792 2907 1866 3008 pri·

1070 3031 1072 3034 ⁴
1104 3035 1177 3104 mas
1213 3013 1266 3090 ibi
1302 3013 1442 3103 tenuit,
1478 3031 1553 3085 tum
1591 3012 1776 3084 Bononiae
1800 3009 1864 3084 do·

222 2932 281 2980 rae
309 2910 381 2980 ΒΟ,
411 2914 493 2983 ΝΟ.
524 2914 589 2984 ΝΙ.
615 2913 661 2985 Α.
690 2911 732 2985 ln
761 2912 888 3002 poliica
909 2916 985 2987 Leo

222 3033 334 3103 nuper
351 3031 566 3086 memoratus
584 3038 664 3086 cum
692 3010 808 3087 literis
827 3011 982 3090 circum:
1002 3103 1004 3107 ¹

223 3113 306 3184 DO.
332 3115 445 3186 (ET.

275 3216 401 3300 Nonus
430 3237 615 3315 argenteus
649 3216 670 3292 e'
706 3214 840 3292 scliedis
876 3222 984 3295 Blan·
1033 3209 1067 3277 D

222 3312 425 3400 chinianis,
462 3324 623 3393 Veronae
659 3318 697 3392 in
734 3318 861 3393 Museo
897 3322 982 3396 Mu·

222 3413 369 3490 selliano
396 3417 611 3501 adservatis,
648 3419 879 3516 depromens,
907 3449 984 3506 per·

141 3594 144 3599 ,
221 3541 325 3614 quam
355 3515 479 3594 similis
499 3520 545 3591 est
563 3522 783 3615 praecedenti
803 3521 984 3619 Septimo.

221 3617 280 3692 lbi
307 3615 441 3714 effigies
468 3618 586 3691 sanai
625 3618 766 3714 patroni
793 3647 873 3695 cuni
902 3623 983 3697 lite·

220 3718 270 3794 ris
287 3721 320 3792 S.
343 3721 625 3794 PETRONIVS
645 3724 709 3793 DE
730 3723 984 3798 BONONIA.
1043 3716 1047 3723 ’

221 3823 380 3894 Aur'eum
408 3818 628 3896 consimilem
653 3825 852 3898 Nummum
879 3823 983 3924 polli-

221 3920 281 3996 det
299 3924 447 4013 Joannes
471 3921 682 3999 Dominicus
703 3924 896 4002 Baciallius
913 3931 982 4002 Bo-

222 4023 396 4099 noniensis
413 4077 423 4097 .

1105 1505 1165 1560 tur
1192 1496 1275 1565 verb
1305 1491 1343 1564 in
1373 1491 1487 1564 limbo
1524 1490 1588 1563 hae
1624 1489 1748 1565 literae
1784 1494 1867 1564 BO-

1106 1590 1271 1665 NONlA
1311 1596 1507 1667 DOCET.
1551 1593 1715 1692 Sigonius
1751 1592 1875 1668 Libro

1105 1715 1140 1790 3.
1167 1691 1209 1766 de
1244 1692 1429 1790 Episconis
1465 1691 1766 1776 Bononiensibus,
1803 1693 1867 1769 ubi
1927 1708 1929 1712 ’

1107 1792 1182 1892 agit
1208 1795 1250 1868 de
1281 1795 1448 1895 Philippo
1475 1793 1616 1869 Caraffa
1654 1796 1867 1894 Neapolita·

1104 1920 1173 1983 no,
1201 1895 1285 1968 haec
1312 1898 1437 1970 liabet:
1467 1902 1578 1991 Iraque
1598 1898 1743 1994 sequenti
1761 1895 1776 1995 (
1789 1901 1869 1970 An·-

1104 2021 1152 2068 no
1178 1995 1309 2070 Christi
1337 2000 1663 2095 mccclxxx.)
1691 2003 1867 2070 Nummum

1103 2123 1232 2168 aureum
1264 2096 1474 2191 percusserunt
1503 2099 1517 2194 (
1533 2097 1803 2198 bononienses)
1821 2097 1866 2170 'iu

1104 2226 1162 2293 quo
1189 2198 1232 2272 ab
1261 2227 1322 2271 uuo
1347 2207 1445 2272 lutere
1471 2207 1601 2272 Leonem
1635 2200 1793 2270 Vexillum
1821 2203 1867 2269 ii·

1103 2303 1236 2376 berturii
1275 2322 1430 2372 ieueueem
1464 2329 1532 2374 eum
1570 2300 1675 2372 literis
1710 2301 1867 2374 BONO·

1105 2405 1196 2477 Nin
1235 2406 1438 2502 ‘DOCET;
1478 2400 1522 2475 ab
1558 2403 1660 2475 altere
1692 2402 1865 2499 imaginem

1103 2531 1169 2575 cum
1196 2511 1319 2579 nomine
1343 2502 1460 2577 Sausii
1487 2504 1577 2575 Perii
1593 2501 1785 2596 finxerunt.

1154 2606 1263 2685 Hisce
1289 2604 1412 2681 addere
1446 2607 1548 2704 iuuat
1572 2604 1782 2678 duodecimo
1809 2606 1865 2679 lo·

1079 2712 1154 2785 ,εο’
1183 2705 1369 2786 Numisma
1396 2706 1561 2799 Jobanuis'
1595 2711 1639 2779 ll.
1675 2706 1864 2789 Benrivoli,

1102 2807 1271 2887 Mutinae
1297 2807 1454 2882 eufisicius
1489 2808 1527 2881 in
1564 2805 1691 2882 Museo
1722 2807 1865 2881 Bertac·

1103 3114 1239 3190 minata
1265 3118 1312 3193 ell
1337 3114 1470 3187 nobilis
1498 3112 1768 3186 Bentiuoloium
1797 3116 1864 3184 Fa·

1103 3219 1234 3310 milia,
1273 3243 1363 3319 quae
1403 3241 1512 3316 nuper
1547 3214 1655 3288 etiam
1692 3211 1861 3312 insignem

1103 3337 1179 3392 tum
1208 3321 1354 3420 ingenio
1381 3337 1457 3391 tuin
1487 3319 1640 3415 purpnrd
1661 3313 1865 3388 Cardinali·

1104 3419 1155 3492 rii
1182 3422 1297 3495 virum
1326 3420 1425 3496 dedit
1450 3419 1659 3492 Cornelium
1692 3416 1864 3489 Bentivo-

1103 3523 1205 3600 lum,
1241 3518 1474 3614 poienriflimi
1514 3515 1763 3608 Hispaniarum
1796 3517 1864 3586 Re·

1104 3617 1157 3718 gis
1188 3620 1347 3718 Philippi
1378 3622 1422 3689 V.
1449 3619 1623 3714 Legatum
1653 3613 1699 3686 ad
1734 3618 1865 3687 Roma·

1104 3745 1188 3793 num
1218 3720 1450 3795 Pontificem.
1480 3715 1666 3791 Numisma
1685 3717 1784 3790 nulli
1801 3741 1864 3791 eii·

1104 3821 1299 3922 plicatione
1324 3823 1487 3918 indiget.
1551 3822 1555 3831 '

1156 3926 1320 4000 Alterum
1370 3918 1557 4000 Numisma
1598 3919 1716 4016 potius
1756 3918 1862 4017 quim

1105 4029 1333 4114 Nummum,
1369 4038 1571 4124 argenteum
1609 4020 1759 4096 minoris
1789 4046 1867 4094 mo·

229 4180 236 4215 ·.
273 4125 442 4200 Decimus
468 4126 558 4226 apud
593 4127 853 4225 praelaudatum
887 4135 984 4206 Cau·
1033 4114 1059 4184 Ὲ
1104 4126 1216 4213 duli,
1257 4124 1499 4225 suppeditavit
1540 4123 1631 4198 milii
1672 4123 1866 4218 peramicus

220 4227 291 4302 lain
319 4227 634 4319 Iurisconsultum,
661 4230 695 4301 ἃ
725 4231 924 4305 Placentiae
944 4235 984 4307 iii

208 4327 346 4405 Museo
387 4327 637 4430 Chiappinio,
680 4332 810 4406 Claves
831 4370 834 4375 ·
850 4333 955 4406 babet
972 4390 983 4425 ,

220 4423 353 4529 insigne
374 4437 554 4507 Romanae
574 4431 768 4520 Ecclesiae,
796 4459 884 4531 quae
906 4439 982 4507 An·

222 4558 269 4605 no
294 4531 426 4607 Christi
454 4538 679 4610 nicecii.
704 4538 737 4605 ie
767 4533 897 4632 pluries
921 4563 979 4629 po

220 4632 314 4714 slea,
356 4636 553 4709 Bononiam
591 4637 747 4713 recepit.
792 4642 831 4711 ln
869 4637 983 4710 limbo

220 4735 372 4834 legitur:
403 4740 468 4810 DE
498 4740 751 4814 bononis.
780 4742 904 4813 Altera
932 4737 981 4813 sa·

221 4835 293 4911 cies
319 4836 512 4936 imaginem
538 4825 657 4914 sansii
688 4841 846 4915 Petronii
872 4841 983 4915 olien-

223 4938 300 5026 dit,
328 4965 434 5014 manu
460 4940 622 5041 gestantis
651 4945 804 5020 Urbem,
832 4970 912 5017 cum
938 4943 984 5016 li·

224 5039 309 5120 teris
335 5041 376 5118 in
402 5041 584 5122 eireuitu:
616 5048 649 5119 S.
678 5046 985 5122 PETRONlVS.

1105 4228 1161 4300 uir
1197 4229 1288 4301 inibi
1334 4230 1433 4326 supra
1469 4247 1682 4299 memoratus
1717 4228 1866 4311 Joannes

1105 4329 1259 4431 Baptista
1299 4330 1497 4403 Bianconus
1535 4323 1786 4399 Bononiensss.
1823 4323 1865 4397 Iri

1105 4430 1179 4526 ejus
1207 4428 1323 4504 antica
1352 4428 1476 4505 vibius
1503 4427 1712 4499 Bentivolae
1749 4423 1866 4522 gentis
2011 4425 2016 4430 ’

1106 4530 1261 4624 insgne.
1301 4534 1333 4603 &
1372 4528 1559 4628 epigraphe
1600 4529 1783 4600 ΙΟΑΝΝΙ
1819 4529 1867 4599 Is.

1106 4634 1428 4717 BauiivoiO.
1470 4632 1510 4706 ln
1549 4627 1675 4727 postica
1710 4627 1869 4702 cernitur

1107 4736 1240 4822 Aquila
1263 4734 1482 4820 imperialis,
1505 4758 1582 4805 cum
1607 4730 1720 4804 lteris
1739 4732 1866 4802 CON-

1105 4841 1269 4910 cessio
1292 4837 1662 4933 MAXlMlLlANb
1688 4831 1772 4905 ideli
1791 4831 1865 4908 lm-

1106 4960 1294 5042 peratoris⁰

1686 5142 1813 5218 BRI·
