4214 6014
365 394 449 476 743
616 360 1083 478 ,Aunrourn
1135 361 1625 455 MEDIIAEt't
1802 397 1889 484 rtt

300 473 381 569 sunt
409 478 497 555 aust.
536 484 614 555 Hac
650 480 692 554 de
718 507 755 554 re
781 480 820 553 in
848 480 1068 579 subsequenti
1110 487 1143 559 A
1181 507 1241 557 aa.
1268 482 1437 556 Ediaum
1457 483 1655 583 Aproniani
1679 483 1849 558 tractetis
1874 485 1944 557 Ur·-v

302 580 556 655 Dissertatione
601 583 714 655 sermo
754 605 931 656 recurret.
984 586 1067 655 Pro-

303 699 422 780 pterea
449 684 490 757 ad
518 682 789 784 dignoscendam
817 682 967 772 salsam,
1009 706 1068 757 aut

302 784 421 857 minus
451 785 651 884 pensantem
680 786 863 885 pecuniam
886 786 1067 859 constituti

302 887 392 959 elim
422 913 562 986 quoque
597 886 692 960 suere
733 887 840 986 periti
881 884 1070 979 homines,

303 991 368 1086 qui
397 988 661 1063 Nummismata
688 988 730 1062 ad
758 1015 904 1062 examen
925 1016 1066 1064 revoca.

303 1090 416 1164 bant.
474 1095 550 1167 Nos
596 1091 810 1189 appellamus
860 1093 1068 1191 Saggiatori5

302 1191 419 1291 ipsum
461 1199 548 1266 vero
582 1218 727 1266 examen
764 1193 904 1289 Saggio.
958 1193 1069 1292 Cujus

303 1296 405 1368 vocis
432 1294 637 1394 originem,
673 1292 781 1367 liceat
808 1292 900 1366 mihi
927 1292 1068 1384 dicere,

1180 586 1233 658 bit
1254 587 1344 682 apud
1365 590 1579 675 Gruterum,
1602 614 1677 686 pag.
1696 588 1782 678 ⁶⁴7·
1798 613 1893 659 num.
1906 586 1943 659 ό.

1179 705 1219 760 ut
1245 685 1335 760 alios
1361 689 1552 762 omittam.
1591 691 1638 758 Et
1677 689 1819 782 quidem
1848 687 1944 759 deri·
2060 702 2062 706 “

1180 807 1300 861 ratum
1339 790 1384 861 ell
1419 792 1583 885 Exagiunt
1608 789 1651 860 ab
1680 793 1734 857 Ere
1767 785 1805 861 ἀ
1835 796 1945 881 Aga,

1179 889 1269 963 unde
1296 889 1405 962 ctiam
1443 889 1606 977 Exitio,
1644 887 1808 977 Exsilio,
1849 895 1944 961 Ext-

1179 990 1274 1071 Hur,
1302 989 1340 1064 dt
1369 991 1495 1087 Exigo.
1531 989 1656 1065 Latini
1683 989 1814 1086 quippe
1840 991 1944 1063 dixe-

1178 1110 1260 1164 runt
1286 1093 1423 1188 Exigere
1449 1097 1494 1163 ad
1520 1119 1658 1164 normam
1673 1140 1683 1173 ,
1724 1096 1861 1185 Exigere
1897 1093 1945 1163 ad

1177 1195 1368 1280 ueritatem,
1398 1196 1463 1265 hoc
1491 1193 1559 1283 esi,
1586 1193 1753 1292 pensare.
1779 1193 1944 1290 explora-

1178 1320 1239 1383 re,
1284 1296 1511 1385 examinare,
1552 1321 1596 1367 an
1636 1291 1772 1390 aliquid
1816 1318 1940 1365 nerum

303 1396 457 1469 minime
483 1396 681 1494 assequutus
707 1395 753 1468 est
781 1396 954 1494 Aegidius
987 1394 1067 1468 Me·
1109 1396 1136 1464 B
1178 1394 1243 1476 stt,
1281 1423 1323 1467 an
1360 1395 1496 1494 aliquid
1537 1398 1580 1469 ad
1620 1395 1752 1469 reiiam
1778 1419 1943 1466 normam

303 1495 454 1595 magius,
505 1496 561 1570 vir
605 1496 766 1596 alioquin
817 1493 1068 1571 eruditissimus

302 1597 401 1672 inter
427 1598 586 1672 Gallicos
614 1600 834 1695 Scriptores,
872 1598 930 1671 cui
965 1600 1065 1670 debe-

302 1724 383 1773 mus
421 1701 566 1773 ltalicae
604 1695 765 1800 Linguae
804 1698 992 1799 Origines,
1032 1702 1065 1771 δι

303 1803 436 1873 Italico
462 1802 603 1898 quidem
633 1802 790 1873 sermone
833 1799 1066 1899 conscriptas.

302 1900 520 1998 Affoggiare,
548 1901 690 1999 inquit,
729 1902 816 1983 ille,
851 1902 945 1972 vient
977 1904 1068 1973 daila

299 2005 467 2101 perticella
491 2006 575 2091 Ad,
605 2031 621 2074 t
652 2007 710 2073 dat
739 2030 826 2073 nome
854 2009 974 2097 Sopor.
1006 2009 1065 2073 So·

298 2126 386 2203 por,
418 2112 542 2196 Sopor,
571 2111 699 2200 Sapor,
723 2111 831 2196 Sapo.
858 2114 966 2199 supa,
1005 2112 1067 2178 sa·

206 2252 211 2264 ·
299 2208 454 2304 pagium,
483 2207 681 2303 inpagiare,
709 2208 886 2301 Sopgiare,
910 2209 1066 2301 sagiure,

1178 1495 1218 1570 stt
1244 1494 1494 1593 compositum.

1189 1644 1192 1650 ·
1229 1602 1348 1694 Atque
1377 1599 1460 1671 haec
1487 1598 1529 1671 de
1560 1599 1782 1671 Saeculotum
1814 1595 1940 1668 barba·
1994 1658 1997 1663 .

1176 1699 1329 1771 ricotum
1352 1701 1501 1774 Moneta
1521 1699 1645 1772 dixisse
1668 1700 1789 1796 iuvat.
1818 1702 1942 1769 Unum

1176 1800 1349 1875 duntaxat
1394 1802 1539 1891 addam,
1582 1798 1806 1872 Donizonem
1841 1799 1943 1870 uide·

1177 1902 1262 1974 licet
1289 1903 1372 1977 Lib.
1393 1908 1419 1975 Ι.
1440 1907 1526 1998 Cap.
1551 1927 1584 1975 a.
1612 1902 1720 1975 Vitae
1746 1897 1942 1972 Mathildis

1176 2003 1406 2084 Comitissae,
1456 2005 1537 2077 dum
1581 2003 1623 2075 de
1675 2001 1819 2073 Athone
1863 2001 1941 2095 ejus

1177 2132 1308 2204 proauo
1336 2106 1517 2201 loquitur,
1555 2130 1593 2176 ae
1621 2104 1662 2176 de
1693 2101 1866 2197 Reliquiis
1895 2102 1940 2173 ab

1144 2238 1146 2242 ⁷
1175 2233 1217 2280 eo
1245 2206 1473 2282 Canoffinum
1501 2205 1753 2280 Monaslerium
1790 2202 1941 2294 delatis,

300 2306 518 2403 Affoggiate.
557 2310 654 2380 Hinc
689 2327 807 2381 autem
849 2327 967 2379 ortum
1015 2307 1066 2381 ait
1095 2317 1137 2405 'c
1175 2308 1260 2384 haec
1288 2307 1457 2382 scribere:

299 2413 481 2505 Sugginre,
508 2412 718 2503 Saggiatore,
745 2408 818 2486 &n
859 2408 963 2481 Nihil
992 2435 1063 2482 ma·

300 2508 355 2609 gis
384 2537 402 2582 a
439 2511 590 2583 veritate
619 2511 802 2584 alienum.
857 2514 932 2583 Nos
960 2511 1065 2583 habe·

299 2635 379 2684 mus
405 2609 598 2707 Affaperare
625 2611 855 2706 compostum
884 2638 903 2684 a
939 2618 1064 2706 Sapor,

297 2712 532 2811 praepositum
570 2718 653 2803 Ad,
697 2716 751 2787 vel
791 2719 874 2787 Ab.
918 2713 1063 2786 Diversa

297 2820 449 2887 omnino
476 2814 522 2886 esi
550 2817 695 2890 alterius
723 2815 821 2887 vocis
842 2813 964 2913 origo.
994 2820 1063 2887 lta·

297 2940 367 3011 que
395 2915 546 2988 nostrum
574 2922 694 3014 Suggio
721 2944 783 3006 pro
810 2944 957 2995 examen,
995 2915 1063 2990 lire

297 3018 561 3113 experimentum,
589 3045 659 3090 non
680 3019 822 3092 aliunde
844 3015 1037 3117 prosemum
1049 3067 1061 3102 ,

296 3116 360 3190 nisi
389 3120 432 3190 ab
460 3124 622 3214 Exagiurn
650 3120 855 3216 perantiqui
884 3146 969 3191 uoce
992 3123 1061 3193 La·

294 3318 384 3399 bus,
422 3319 570 3416 aliisque
607 3317 773 3404 insesiis,
820 3314 1060 3389 convertimus

291 3419 502 3493 iniciaret.
531 3422 570 3492 ln
601 3423 760 3493 Nummo
789 3417 945 3491 Honorii
984 3424 1057 3489 Au·

290 3520 380 3620 gusti
401 3523 491 3613 apud
515 3519 768 3620 Du·Cangium
789 3520 920 3617 legitur
940 3520 1057 3589 Exn-

291 3627 426 3695 GlVM
470 3626 646 3696 SOLlDl.
682 3647 762 3695 cum
806 3623 880 3693 Dea
907 3615 1059 3691 Moneta

251 3813 252 3817 Ἴ
291 3749 331 3797 ac
376 3725 547 3797 bilance:
596 3722 691 3823 quod
738 3719 866 3795 italice
901 3720 1058 3793 redderes
1177 3783 1182 3793 .

287 3827 411 3921 Suggio
445 3827 500 3897 del
535 3827 650 3898 sitne.
684 3819 903 3899 Theodofius
940 3842 1057 3895 autem

285 3929 414 4016 Juniot
465 3926 500 4000 in
545 3928 699 4001 Novella
735 3930 774 3996 dr
813 3924 920 3996 Pretio
953 3925 1059 3994 Sosidi

193 4117 196 4121 ¹
285 4027 372 4100 haec
402 4029 531 4100 haber:
562 4036 612 4101 De
637 4030 825 4116 ponderibus
851 4051 995 4119 quoque,
1022 4044 1058 4094 ut

281 4128 374 4220 stans
400 4130 527 4223 pertitus
553 4147 762 4218 amputetur,
789 4157 810 4199 a
837 4125 927 4196 ttolrt's
952 4152 1057 4222 ngtttt·
1106 4140 1137 4213 Ε

285 4251 340 4302 tttr
382 4233 595 4309 ExAGtA,
639 4254 718 4324 quoe
752 4227 825 4313 fine
859 4227 975 4318 fraude
999 4230 1055 4298 de·

147 4356 149 4360 ’
285 4331 384 4405 beant
410 4330 574 4417 custodiri.
613 4334 689 4404 Nos
731 4327 881 4403 dicimus
918 4329 990 4419 sarr
1030 4329 1057 4399 ii

283 4437 409 4530 Saggio
434 4435 471 4504 di
497 4433 625 4526 qualche
662 4437 821 4504 Moneta.
864 4433 980 4504 Immo
1015 4426 1054 4504 ἃ

283 4537 326 4608 ad
356 4534 523 4608 allueret
551 4531 813 4617 transtulimus,
852 4531 906 4605 uti
931 4525 1002 4622 sire
1028 4531 1056 4602 il

283 4639 408 4732 Soggio
433 4636 485 4706 del
513 4636 615 4723 Vino,
657 4656 718 4709 aut
755 4633 907 4708 aliorum
934 4631 1054 4730 liquo·

284 4764 385 4817 rum,
415 4763 522 4836 quum
552 4763 676 4836 nempe
704 4736 742 4810 in
769 4761 917 4808 examen
945 4735 1052 4807 addu-

283 4838 377 4912 citur
407 4866 529 4917 eorum
552 4838 628 4926 ris,
656 4835 781 4937 sapor,
808 4836 964 4934 puritas,
984 4838 1051 4909 tec.

282 4938 350 5012 Uli
381 4965 498 5015 aurem
528 4938 607 5014 sunt
629 4939 750 5034 Exegii
771 4936 944 5010 vocabulo
967 4941 1051 5010 San-

281 5040 363 5121 trus
406 5044 502 5126 zeno
542 5046 710 5121 Sermone
735 5041 771 5116 ί.
790 5038 839 5119 ad
882 5038 1049 5135 Neophy-

288 5159 380 5232 tos„
395 5137 580 5225 ,Cassianus
599 5140 806 5221 Collatione
830 5138 944 5241 primi
962 5143 1052 5242 Cap.

382 5419 395 5477 l

1226 2459 1252 2504 „
1278 2412 1462 2507 Relliquiaet
1498 2409 1582 2482 aliar
1618 2407 1710 2480 dedit
1741 2405 1795 2477 iili
1820 2403 1942 2477 Brixia

1328 2568 1352 2600 „
1380 2539 1496 2608 magna
1510 2540 1532 2599 ,-

1225 2662 1249 2705 ,‚
1276 2621 1363 2687 Nom
1390 2634 1485 2704 eaput
1510 2641 1546 2684 et
1579 2613 1738 2682 bunterutu
1772 2611 1938 2689 dextram,

1328 2769 1352 2802 „
1378 2717 1558 2805 pariterque
1582 2716 1731 2783 lacertum

1223 2864 1248 2900 ,‚
1276 2817 1385 2909 Hujus
1419 2816 1578 2904 Apolloni
1611 2815 1807 2884 vehementer
1842 2813 1939 2882 bout-

1327 2973 1351 3003 „
1380 2915 1529 3007 rificurtdt'

1224 3073 1249 3111 „
1275 3020 1377 3114 offert
1399 3019 1505 3114 gratis
1531 3018 1585 3090 ei.
1622 3015 1827 3105 Gothosredut
1853 3011 1943 3109 Epi-

1326 3175 1336 3203 ,
1408 3149 1423 3188 o
1507 3141 1572 3188 ert

295 3219 391 3290 rint.
415 3220 542 3292 Ealdem
566 3220 704 3292 tatione
725 3227 889 3295 Examen,
917 3223 958 3286 de
984 3221 1059 3312 api·
1103 3237 1137 3304 D
1221 3269 1246 3306 „
1274 3125 1480 3310 Bouzeis:
1511 3149 1550 3286 dgr
1585 3220 1705 3291 lumbis
1738 3235 1807 3287 erut
1832 3217 1942 3286 bortnt

1325 3332 1349 3399 ς,
1378 3315 1535 3404 Principis
1561 3314 1681 3400 buius.

1222 3468 1249 3508 „
1275 3417 1338 3485 Hie
1363 3411 1498 3498 Prorsus
1535 3413 1657 3501 sacrorn
1692 3415 1846 3508 reserauit
1873 3441 1940 3488 eer-

1324 3569 1349 3604 „
1375 3517 1460 3610 poris
1485 3540 1611 3596 artant,

1224 3670 1250 3710 „
1275 3625 1331 3691 Ac
1347 3618 1448 3713 Jeruit
1476 3622 1638 3697 membru,
1673 3644 1760 3690 uuor
1799 3620 1841 3688 d*
1867 3638 1938 3691 orta

1325 3772 1349 3807 „
1374 3718 1500 3813 prodiit.
1522 3740 1629 3792 exten.

1223 3871 1249 3912 „
1276 3825 1365 3894 Unde
1391 3827 1487 3891 bonus
1513 3821 1663 3912 Princeps
1701 3821 1801 3892 ualde
1836 3817 1936 3893 niro·

1324 3977 1349 4011 „
1377 3943 1449 3998 tus,
1477 3920 1576 3990 eidem

1221 4074 1247 4114 ,‚
1272 4025 1432 4096 Continui
1452 4043 1552 4091 terroe
1575 4021 1741 4116 propriae,
1766 4023 1938 4098 detineant-

1320 4171 1348 4214 „
1375 4152 1433 4219 que
1460 4128 1630 4196 Monetae.
1928 4133 1931 4139 '

1220 4280 1246 4318 „
1274 4226 1372 4298 Vovit
1400 4223 1474 4302 &o
1639 4238 1641 4243 '

1220 4327 1317 4421 Quid
1345 4324 1537 4426 significare
1568 4325 1657 4400 uelit
1683 4327 1847 4411 ponizo,
1872 4321 1936 4401 ele-l

1169 4453 1308 4505 eernere
1328 4454 1399 4505 non
1416 4427 1541 4503 aufim.
1563 4431 1707 4523 Quippe
1729 4430 1783 4526 jus
1804 4431 1936 4502 Mone-⁵

1168 4549 1224 4607 tae
1259 4529 1402 4607 Atheni
1430 4531 1570 4610 Comiti
1611 4531 1825 4607 remuorbus
1861 4530 1937 4621 iis,

1168 4628 1236 4706 lioc
1254 4633 1300 4707 ell
1318 4634 1443 4706 Seculo
1474 4631 1602 4704 Christi
1632 4631 1805 4712 Decimo,
1833 4629 1933 4704 fuisse

1168 4735 1365 4811 concessum
1384 4735 1427 4806 ab
1446 4732 1843 4830 OttombusAugustis,
1862 4731 1934 4804 dis·¹

1167 4833 1263 4909 sicile
1316 4835 1376 4909 ad.
1409 4833 1617 4906 credend-um
1662 4831 1934 4922 inducar,1nisi

1167 4940 1329 5036 exempla
1360 4936 1451 5036 paris
1478 4934 1657 5008 sacultatis
1695 4937 1783 5031 apud
1823 4935 1933 5007 Italos

1166 5059 1381 5115 exarentur.
1424 5043 1558 5109 Moneta
1583 5036 1673 5111 ¹laeic
1704 5064 1768 5136 pro
1794 5037 1935 5112 Pitonia

1165 5140 1331 5249 usurpata
1358 5138 1523 5225 ridetur..
