4214 6014
158 349 238 433 251
434 318 1409 440 euriporum-orricius
1593 331 1683 437 ις,

97 433 246 517 sociem,
271 440 413 536 qualem
442 467 534 516 nunc
563 441 762 517 intuemur.
790 445 860 514 Ar·
900 447 935 517 A
973 438 1154 539 sequenti:
1192 449 1300 538 senza
1326 445 1339 515 i
1364 441 1446 538 salpi
1470 441 1554 514 delle
1582 449 1741 516 Bombar·

96 537 279 613 chisimus
306 538 462 642 Agesilai
489 541 608 634 filius,
636 571 744 642 quum
766 542 860 643 igni·

96 664 244 715 romum
271 643 449 739 quoddam
477 647 541 719 reli
567 672 698 746 genus,
724 673 743 720 e
770 645 861 720 Sici·

970 553 1036 624 dr,
1072 544 1123 616 ebe
1151 544 1278 633 faciem
1311 546 1340 616 sl
1372 547 1496 642 grande
1536 563 1688 616 rremuore
1721 569 1742 616 c

971 671 1105 728 ramore,
1143 647 1196 719 ebe
1219 668 1316 737 parca
1343 649 1395 719 cbe
1419 647 1513 721 lddio
1539 645 1740 739 reuellere»

95 741 146 816 lia
172 742 331 817 adlatum
359 745 400 818 ad
429 745 483 827 se,
520 746 715 847 spellaret,
741 749 860 821 excla·
892 830 895 834 ⁴
965 755 1090 843 grande
1114 746 1261 832 uccifione
1286 749 1323 819 di
1344 772 1462 843 genre,
1499 752 1579 823 edi
1603 750 1741 841 sfoada·

94 845 200 919 malle
220 845 350 920 fertur:
371 849 474 919 Periit
493 851 633 921 virorum
652 852 778 924 virtus.
800 853 859 923 An

94 946 187 1022 illud
215 975 337 1027 verum
364 947 426 1037 fit,
455 950 597 1053 nesci03
636 973 672 1027 at
699 971 792 1026 certe
818 952 860 1026 de

94 1050 314 1149 temporibus
354 1052 476 1127 nostris
525 1054 619 1131 idem
664 1058 860 1129 exclamare

95 1153 294 1251 possumus,
334 1153 462 1254 quibus
497 1156 537 1229 in
578 1157 768 1231 rebellior
796 1156 859 1229 vix

11 1342 16 1353 Ι
95 1255 211 1328 ullum
239 1255 334 1329 inter
353 1255 483 1340 sortes,
510 1256 549 1332 ἃ
570 1259 717 1359 ignavos
738 1257 859 1332 discri-

971 870 1072 921 mearo
1096 852 1134 919 di
1159 849 1303 922 cavalli.
1345 851 1484 944 Quibus
1522 853 1636 926 verbis
1670 851 1736 927 ille

971 950 1064 1030 nihil
1092 950 1187 1024 aliud
1215 949 1390 1049 defigmre
1439 950 1550 1031 otest,
1577 953 1641 1037 nifi
1669 983 1738 1029 no·

971 1049 1028 1126 liri
1055 1052 1226 1150 temporis
1255 979 1490 1126 bonuariis.
1532 1055 1735 1132 Continua-

972 1173 1029 1228 νον
1064 1181 1204 1252 quoque
1242 1153 1378 1254 Nangii
1414 1154 1455 1227 ad
1498 1157 1645 1231 Annum
1672 1161 1735 1232 M-

971 1259 1172 1332 cchvl.
1212 1252 1360 1329 scribit:
1405 1258 1593 1329 Munienses
1633 1281 1734 1333 rueres

94 1379 178 1429 men
220 1355 386 1455 superest,
433 1387 541 1459 quum
571 1363 754 1460 plumbeae
783 1363 860 1459 plu·
902 1379 932 1450 Β
970 1357 1128 1446 ballistis,
1152 1358 1329 1454 garmeni,
1356 1358 1549 1450 canonibus,
1589 1360 1637 1440 (ν
1664 1390 1734 1437 nra·
1841 1359 1843 1363 ’

93 1457 176 1533 riae
203 1461 411 1558 plerumque
437 1462 611 1562 proelium
649 1463 859 1552 absolvant,

93 1557 269 1660 edantque
295 1563 409 1637 diram
437 1565 576 1639 caedem
597 1563 665 1639 sine
689 1568 765 1638 ullo
784 1567 860 1662 gla-

92 1659 234 1737 diorum
257 1662 337 1737 usu.
366 1669 488 1762 Atque
511 1667 579 1738 hoc
599 1667 716 1740 obiter
735 1665 860 1739 dixisse

94 1760 265 1840 licuerit.
295 1763 372 1838 Post
399 1771 545 1839 Annum
574 1793 592 1839 a
620 1764 755 1840 Christi
786 1770 859 1840 Na-

95 1861 244 1938 tiuitate
289 1869 445 1941 MCCC.
486 1865 603 1949 casus,
646 1888 685 1942 ut
716 1867 860 1959 ferunt,

93 1963 283 2043 inuentum
311 1968 466 2066 pulveris
494 1966 718 2044 tormentarii
756 1996 860 2068 pepe·

94 2066 170 2168 rit3
205 2086 362 2145 attamen
390 2097 450 2169 per
476 2089 595 2147 totum
623 2098 729 2172 paene
756 2077 861 2147 Secu·

94 2169 170 2244 lum
199 2169 289 2247 illud
310 2171 449 2273 ipsum,
476 2173 543 2248 hoc
570 2173 638 2260 est,
665 2177 863 2268 Quartum-

970 1460 1073 1532 cbinis
1098 1460 1172 1539 &o
1209 1462 1388 1533 Incertum
1425 1479 1544 1534 tamen
1579 1461 1663 1554 est,
1688 1488 1733 1545 ae

970 1567 1158 1652 Cannense,
1194 1565 1330 1634 Garnae
1365 1562 1409 1636 ab
1435 1562 1604 1662 Anglicie
1640 1565 1733 1647 Scri·

972 1661 1132 1762 ptoribus
1167 1665 1389 1760 appellatae,
1426 1683 1511 1738 tunc
1547 1665 1640 1741 idem
1679 1664 1731 1742 es·

970 1764 1067 1854 sent,
1103 1791 1143 1839 ac
1179 1764 1312 1839 nostrae
1348 1767 1588 1843 bombardae.
1624 1767 1736 1862 Quod·

969 1885 1087 1940 autem
1133 1866 1403 1941 controuersiam
1453 1895 1596 1943 omnem
1641 1871 1735 1947 bane

968 1967 1134 2050 dirimit,
1163 1994 1299 2043 mecum
1328 1969 1439 2045 uelim
1472 1970 1733 2047 animadvertat

968 2067 1102 2144 Lelior
1137 2073 1243 2145 verba
1281 2070 1455 2147 francisci
1496 2072 1733 2156 Petrerchae,

969 2170 1189 2247 celeberrimi
1215 2171 1310 2247 inter
1336 2175 1495 2248 Italicos⁴
1511 2177 1636 2249 Poetae
1655 2178 1733 2268 Ly·

96 2269 298 2365 decimum,
325 2276 455 2378 exigua
483 2275 574 2351 seila
601 2277 646 2351 est
670 2278 761 2376 apud
789 2303 864 2350 mn·
902 2286 936 2359 G
968 2271 1063 2363 rici,
1099 2301 1187 2371 quae
1214 2273 1381 2351 hellenus
1407 2276 1558 2376 effugere
1588 2276 1735 2351 Posido-

95 2372 188 2474 jores
212 2377 343 2452 nostros
367 2379 581 2453 militarium
605 2405 721 2453 rerum
748 2398 862 2452 mura·

95 2476 174 2557 tio,
201 2479 296 2574 quod
323 2480 450 2554 bellica
478 2499 655 2554 tormenta
675 2480 718 2554 ad
736 2482 862 2578 explo-

96 2575 228 2657 dendos
254 2579 293 2653 ui
321 2580 415 2680 ignis
444 2583 607 2679 globulos
643 2580 771 2654 ferreos
801 2599 863 2655 aut

97 2682 304 2778 plumbeos,
331 2709 402 2754 non
430 2681 544 2755 statim
575 2681 724 2777 persebin
744 2681 862 2768 fuere,

95 2805 210 2877 neque
245 2784 289 2853 ab
315 2781 482 2857 omuibus
524 2784 685 2875 Europae
716 2779 862 2872 Populi:

95 2879 271 2956 continuo
305 2879 344 2955 in
381 2880 485 2955 bellis
525 2879 705 2957 adhibita.
746 2878 862 2957 Com·

92 2981 212 3057 munis
238 2981 364 3082 opinio
391 2980 485 3074 sert,
521 2983 775 3058 Bambardarum
804 3012 862 3072 pe-

90 3085 245 3160 riculum
289 3084 443 3183 primum
489 3084 527 3158 in
568 3085 676 3159 ltalia
727 3085 859 3160 salbum

93 3184 194 3258 fuisse
233 3188 271 3259 in
313 3188 407 3261 bello
447 3185 490 3260 ad
519 3187 654 3260 Fossam
688 3184 860 3260 Clodiam

968 2401 1045 2447 rum
1083 2375 1304 2476 Virgilium,
1343 2378 1611 2465 Pancirolium‚
1656 2381 1733 2454 Du-

968 2473 1173 2577 Cangium,
1198 2480 1233 2552 &
1261 2479 1372 2561 alios,
1399 2479 1442 2554 de
1461 2478 1528 2554 hoc
1548 2497 1740 2579 argumen-

969 2597 1007 2651 to
1034 2577 1243 2652 trallenses.
1280 2579 1406 2678 Itaque
1435 2580 1620 2653 Petrarcba
1647 2576 1745 2658 Lib.¹

968 2676 1084 2774 primo
1119 2681 1159 2748 de
1198 2680 1330 2752 Remed.
1363 2679 1523 2775 acriusque
1557 2679 1734 2770 fortunae,

968 2777 1111 2878 Dialog.
1146 2801 1207 2875 99.
1239 2777 1297 2853 cui
1334 2779 1463 2859 titulus
1489 2780 1531 2856 de
1564 2783 1735 2854 Mechiris

967 2880 1014 2958 (ν
1040 2879 1200 2968 Balisla's,
1236 2879 1322 2955 haec
1362 2880 1510 2956 scribit:
1553 2888 1595 2955 G.
1623 2883 1734 2956 Habea

967 2984 1142 3056 Machinas
1169 2982 1216 3062 (y
1243 2982 1406 3070 Balillas.
1433 2992 1479 3055 R.
1502 2986 1649 3067 Mirum,
1669 2984 1734 3069 uisi

966 3085 1170 3179 &glandes
1195 3110 1334 3172 aeneas,
1369 3110 1449 3179 quae
1466 3085 1616 3177 flammis
1647 3084 1734 3175 inie-

966 3183 1025 3255 cris
1048 3183 1205 3274 horrisono
1225 3183 1334 3274 sonitu
1353 3184 1540 3276 jaciuntur.
1567 3190 1640 3257 Nou
1660 3205 1735 3258 eras

94 3285 175 3361 abio
200 3286 296 3360 inter
323 3293 478 3362 Venetos
504 3287 759 3362 &Genuenses
782 3294 859 3362 An·
898 3310 933 3380 ι)
960 3285 1045 3378 saris
1069 3292 1109 3356 de
1134 3287 1217 3356 caela
1242 3287 1384 3357 camuris
1411 3289 1461 3359 ira
1488 3285 1552 3359 Dei
1570 3287 1735 3359 immorsa-

92 3415 142 3463 uo
164 3387 725 3464 MCCCLxxv111.&du0bus
747 3389 860 3466 subse-

965 3387 1031 3469 lis,
1056 3388 1217 3459 homuncio
1243 3386 1307 3472 aii
1343 3386 1393 3485 (a
1420 3389 1592 3460 crudelitas
1614 3387 1734 3479 inulla

93 3490 305 3590 quentibus.
346 3495 424 3591 Ego
451 3489 532 3566 illas
560 3490 597 3567 in
625 3491 769 3567 Italiam
797 3520 859 3567 an·
960 3489 1124 3585 superbiae
1140 3491 1187 3587 l)
1225 3492 1265 3563 de
1303 3511 1388 3561 serra
1426 3490 1522 3561 eriam
1562 3486 1732 3585 renarffis.

91 3612 151 3667 tea
176 3593 334 3668 inveuas
362 3595 511 3693 opinor:
541 3594 776 3694 nequeenim
804 3595 858 3697 pi·

93 3719 155 3795 ger
194 3693 378 3794 quisquam
421 3694 491 3773 luit
531 3696 574 3770 ad
614 3695 858 3771 imitationem

92 3796 258 3889 inventi,
299 3797 397 3897 cujus
424 3797 564 3873 eratin
592 3797 687 3872 bello
714 3800 859 3872 terribi-

47 3930 50 3935 ·
89 3896 137 3973 lis
163 3897 273 3989 adeo,
300 3901 335 3974 δι
364 3899 508 3974 lethifer
534 3898 637 3973 usus.
667 3902 715 3968 Et
742 3896 859 3993 prose·

90 3997 151 4071 uo
187 4019 268 4071 ante
304 4002 508 4091 complures
543 4021 653 4068 annos
688 3997 857 4065 Bombnr·

47 4165 52 4172 .
90 4099 151 4171 das
186 4095 226 4167 in
261 4093 382 4167 Gallia
423 4093 601 4185 usurpatas
628 4087 750 4177 fuine,
786 4117 859 4188 quo

966 3597 1040 3664 Noa
1077 3591 1235 3664 imitabile
1271 3589 1414 3683 fulmen,
1453 3615 1492 3664 ur
1531 3597 1630 3665 Maro
1654 3591 1732 3684 air,

965 3695 1105 3778 bumana
1139 3694 1243 3765 rabies
1270 3694 1398 3764 imitata
1433 3693 1499 3780 ess:
1539 3696 1583 3764 (ν’
1607 3696 1732 3790 quode

967 3796 1100 3867 nubibus
1120 3793 1209 3861 mirri
1231 3794 1330 3879 soles,
1353 3792 1372 3830 *
1394 3791 1485 3886 igneo
1503 3795 1651 3890 quidem,
1672 3795 1731 3887 [ed

965 3911 1103 3964 rarrareo
1129 3891 1270 3959 miscitur
1295 3890 1515 3977 instrumento.
1558 3899 1656 3990 ‚Quod
1688 3899 1731 3969 ab

966 3990 1160 4061 Archimede
1195 3989 1361 4063 inventum
1395 3994 1528 4088 quidam
1552 4019 1729 4094 putantes

966 4111 1118 4181 tempore,
1146 4115 1205 4186 quo
1225 4095 1402 4166 Marcellus
1426 4103 1597 4195 Syracusas
1614 4099 1732 4184 obfide·

91 4218 251 4300 tempore
287 4193 509 4269 commissum
550 4190 620 4265 suit
646 4191 690 4264 ab
725 4192 857 4293 Angli:
897 4215 927 4285 Ε
964 4196 1043 4264 bar.
1071 4195 1185 4264 Variam
1212 4194 1367 4286 illihic,
1394 4199 1732 4289 usfuorumCiviurre

89 4300 399 4402 sanguinolentum
430 4294 603 4396 proelium
630 4292 857 4371 Creciacense

89 4401 252 4477 adversus
279 4401 426 4480 Gallos,
454 4398 522 4472 hoc
549 4396 620 4485 est,
658 4400 768 4471 Anno
796 4400 855 4470 M-

40 4530 50 4555 s
87 4498 544 4576 ccchv1.auu0eest
570 4498 745 4589 Johannes
773 4500 856 4572 Vil-

88 4600 204 4674 lnnius
246 4605 330 4676 Lib.
370 4625 426 4679 12.
450 4599 542 4701 Cap.
576 4603 637 4694 65.
669 4601 854 4676 Historias.

87 4701 272 4777 Nimirum
294 4705 325 4776 is
342 4700 487 4789 scribit,
510 4705 647 4803 Anglos
664 4702 740 4778 usos
757 4701 856 4778 luisse

84 4804 294 4881 Bombardis
306 4855 318 4889 ‚
344 4811 398 4879 ere
415 4807 608 4898 saermvaus
632 4808 798 4902 pallorsele
820 4805 855 4878 di

75 4906 163 4997 ferro
187 4937 241 4980 rou
264 4909 378 4998 furca,
401 4931 461 5005 per
487 4909 685 5004 impaurire,
714 4936 730 4977 e
754 4907 853 4991 diser·

81 4996 151 5082 sari
177 5007 192 5078 i
224 5012 354 5089 cavalli
380 5007 431 5084 ἀν’
442 5009 651 5100 franceschi.
687 5011 735 5081 Et
761 5001 853 5105 Cap.

964 4294 1141 4367 libertatern
1161 4317 1319 4379 ruererur,
1344 4299 1560 4392 excogitauit,
1584 4297 1729 4385 patriae-

963 4423 1020 4492 que
1055 4397 1211 4469 excidium
1236 4402 1292 4470 vel
1315 4418 1493 4479 averreret,
1532 4397 1588 4469 vel
1612 4399 1729 4494 differ-

962 4519 1033 4589 res,
1069 4525 1130 4596 quo
1167 4525 1253 4588 nos,
1293 4520 1329 4568 as
1368 4499 1480 4568 liberos
1512 4500 1647 4594 Populos
1673 4506 1730 4576 vel

957 4603 1056 4695 jugo,
1102 4605 1159 4671 vel
1197 4599 1315 4669 excidio
1354 4600 1527 4688 premaris,
1566 4605 1727 4682 urimini.

961 4709 1046 4774 Eras
1070 4698 1144 4770 baec
1167 4698 1263 4793 pellis
1288 4705 1454 4773 NUPER
1482 4731 1577 4795 rara,
1605 4727 1640 4777 us
1659 4735 1730 4781 curn

962 4799 1085 4896 ingenti
1110 4798 1259 4875 miratulo
1284 4824 1476 4878 cerneretur.
1511 4813 1666 4899 NUNC,
1693 4830 1731 4881 us

962 4928 1062 4974 rerum
1104 4901 1301 4995 peffimarum
1340 4904 1452 4977 dociles
1489 4909 1567 5000 suar
1602 4911 1728 5000 animi,
1802 4953 1805 4956 ,

962 5008 1011 5079 ita
1037 5007 1291 5080 COMMUle
1316 5007 1384 5100 cll,
1423 5032 1459 5080 ur
1484 5012 1647 5106 quodlibet
1666 5037 1727 5103 ge-

1616 5134 1676 5181 Μ

154 5180 291 5295 ’lignee
312 5209 427 5294 legitur
447 5213 480 5282 in
503 5209 688 5297 Exemplari
709 5205 889 5280 Cremonae
909 5201 1055 5297 impresso
1075 5229 1159 5278 anuo
1183 5228 1272 5294 1492·
