4214 6014
353 285 440 395 287
630 277 1071 398 ANTerrT.
1118 277 1368 372 MEDII
1410 281 1605 371 ARV!

284 401 460 483 Cbronie.
501 394 586 475 Lib.
626 397 662 473 6.
702 399 792 496 Cap.
827 425 863 497 4.
903 398 1055 476 Nobiles
1095 408 1131 485 A
1172 397 1323 500 antiquo
1356 399 1573 477 Germanico
1608 400 1844 499 descendens,
1879 439 1941 484 are-

289 509 375 585 γετὸ
401 503 436 575 δι
475 497 637 575 militum
674 498 874 585 Praefecti,
910 502 1057 578 liberta·

288 624 362 682 tem
406 597 657 680 tantummodo
697 600 852 702 recipere
896 603 1057 680 solebant

285 722 348 783 aut
386 731 446 803 per
472 702 794 780 commutationem
829 709 1055 806 captivorum

285 833 368 887 cum
398 805 493 880 hoste
513 804 666 895 initam,
694 826 755 881 aut
783 808 899 908 pretio
920 810 1053 884 redem-

284 909 399 988 tionis
428 907 631 1003 persoluto.
667 912 790 1005 Quum
821 917 905 986 verb
931 937 1055 987 manus

285 1009 517 1089 conserendae
551 1030 651 1086 erant
687 1013 726 1086 in
764 1012 939 1110 proeliis,
976 1040 1050 1088 om·

285 1113 388 1191 nium
412 1109 592 1187 sortiliimi
611 1112 879 1213 deligebantur,
902 1141 1053 1214 quorum

282 1234 360 1292 erar
389 1213 428 1289 in
455 1214 586 1289 hostem
619 1215 782 1291 irruendo
814 1244 967 1318 pugnam
998 1215 1054 1290 in·

1169 504 1297 593 darem,
1326 501 1442 594 sortem
1456 551 1469 585 ‚
1503 532 1539 577 ae
1573 504 1654 578 elarr'
1688 510 1793 581 animi
1819 511 1939 589 virum

1170 601 1369 706 significat.
1405 607 1488 680 Hoc
1514 626 1633 682 autem
1659 608 1849 686 bominum
1876 640 1939 714 ge·

1170 733 1236 781 nus
1272 707 1315 780 ad
1351 704 1542 782 ineundam
1584 736 1738 810 pugnam
1779 716 1939 812 primum

1170 834 1344 904 occupare
1384 809 1505 884 locum
1546 810 1758 888 consuevit.
1798 819 1940 892 Contra

1172 911 1397 1007 exploratum
1433 909 1503 995 est,
1539 910 1656 1010 pulilli
1691 916 1803 991 animi
1839 918 1938 995 viros

1173 1013 1368 1111 appellatos
1398 1011 1501 1088 fuisse
1531 1015 1702 1106 Codardi,
1737 1014 1807 1090 save
1841 1020 1937 1118 qubd

1174 1111 1338 1233 postremi
1364 1115 1407 1189 ad
1434 1133 1615 1192 certamen
1640 1118 1865 1201 accederent,
1900 1123 1938 1194 δι

1174 1239 1213 1289 tu
1238 1235 1397 1291 extrema
1422 1216 1500 1291 acie
1527 1238 1733 1318 pergerent,
1762 1247 1851 1319 quae
1877 1248 1940 1297 ve-

285 1317 441 1396 choare.
480 1320 573 1391 Nam
604 1315 627 1390 st
656 1317 832 1414 prioribus
868 1317 1053 1418 continge·
1097 1322 1127 1394 B
1174 1315 1245 1391 luti
1270 1324 1372 1391 cauda
1396 1318 1550 1417 agminis
1577 1319 1646 1398 eli,
1678 1341 1718 1395 ut
1744 1321 1862 1398 censet
1887 1328 1942 1397 0-

287 1417 370 1499 bat,
398 1435 439 1493 ut
466 1420 618 1516 primam
646 1418 797 1498 hostium
830 1441 983 1520 turmam
1013 1418 1054 1493 fi-

283 1543 329 1594 ve
375 1518 488 1629 aciem
542 1517 782 1622 frangerent,
829 1522 1054 1624 sequentibus

287 1620 604 1699 commilitonibus
643 1625 679 1697 δι
720 1624 858 1699 animus
898 1627 933 1697 &
979 1621 1053 1705 spes

287 1722 464 1799 visloriae
491 1725 703 1822 augebatur.
728 1728 872 1800 Cuneus
909 1725 969 1800 ille
997 1724 1053 1800 vi·

285 1850 407 1901 rorum
436 1823 608 1904 sortium,
635 1825 693 1900 cui
717 1823 867 1903 adscribi
889 1825 1054 1902 certatim

287 1923 438 2025 quisque
479 1923 664 2027 generosus
705 1927 809 2003 miles
855 1931 1055 2026 cupiebat,

285 2029 569 2207 {libidis
594 2030 1055 2226 ⁸3'{'⁰122‘..l⁰⁰s..⁹.2⁵3³

1172 1415 1312 1492 &avius
1339 1418 1517 1495 Ferrarius
1545 1418 1584 1494 in
1612 1420 1696 1496 Lib.
1723 1421 1768 1495 de
1793 1424 1941 1524 Origin.

1173 1518 1336 1620 Linguae
1363 1519 1479 1597 Italic.
1515 1518 1586 1595 five
1611 1522 1705 1620 quod
1733 1550 1836 1600 canes
1864 1552 1941 1600 me·

1175 1618 1344 1697 ticulosos
1363 1620 1553 1698 imitentur
1572 1623 1717 1698 caudam
1745 1625 1839 1700 inter
1858 1653 1941 1702 eru·

1173 1749 1209 1797 ra
1246 1723 1484 1824 colligentes,
1525 1742 1587 1799 aut
1631 1728 1753 1820 vulpes
1792 1727 1942 1806 timidas

1175 1825 1209 1898 bc
1246 1827 1433 1916 enodatas,
1470 1822 1525 1900 uti
1560 1826 1729 1924 opinatur
1764 1829 1942 1906 Eccarduc

1176 1923 1213 2000 in
1242 1927 1352 2004 Notis
1380 1927 1421 2001 ad
1449 1932 1563 2026 Leges
1589 1931 1742 2005 Salices.
1772 1932 1837 2005 Sed
1866 1931 1942 2005 for-

1176 2028 1261 2103 tasse
1290 2048 1415 2105 neutra
1449 2032 1681 2132 Etymologia
1718 2031 1839 2107 solidis
1876 2031 1944 2110 liat

1176 2130 1436 2207 fundamentis.
1472 2131 1604 2233 Anglis
1642 2160 1713 2209 vox
1749 2133 1795 2207 ell
1830 2140 1941 2218 Coo,

284 2229 371 2306 dum
399 2230 555 2316 bostem,
592 2232 731 2313 forent.
760 2238 909 2311 Fedltori
934 2237 981 2312 est
1007 2237 1058 2313 eis
1098 2228 1133 2307 C
1177 2260 1266 2331 quae
1285 2232 1459 2333 fignificat
1478 2255 1510 2305 eo
1528 2256 1591 2327 pur
1608 2262 1665 2308 one
1682 2230 1737 2310 our
1755 2236 1810 2333 off
1815 2242 1942 2320 Hense,

287 2357 419 2414 nomen
435 2338 526 2438 apud
550 2340 744 2427 Ioannem,
768 2337 807 2414 ἃ
833 2340 1057 2414 Matthaeum

287 2437 491 2514 Villanios.
530 2443 766 2542 Du-Cangius
794 2442 835 2515 ad
875 2442 966 2516 hanc
994 2468 1059 2519 vo·

223 2587 224 2592 κ
286 2562 365 2615 cem
394 2541 567 2623 Fedirorr',
604 2543 681 2618 ait:
724 2545 881 2615 Videntur
905 2540 962 2636 effe
986 2571 1058 2617 eon·

281 2637 441 2733 foederati
460 2639 531 2733 fide
556 2645 727 2734 adstrifsr',
752 2676 774 2718 e
798 2648 905 2719 Fide:
931 2648 987 2716 vel
1004 2647 1057 2718 di·

284 2740 333 2816 dii
358 2745 450 2855 quali
486 2746 618 2818 Far'disr'
632 2801 643 2835 ,
678 2747 758 2825 saell
795 2745 940 2816 Inimici.
969 2744 1056 2815 Vim

287 2845 410 2920 Italici
456 2846 621 2918 vocabuli
664 2843 818 2917 minime
858 2842 1056 2938 assequutus

287 2940 335 3020 est
380 2943 448 3017 Vir
488 2943 736 3019 doslrliimus.
774 2943 881 3034 Apud
920 2944 1057 3022 Tuscos

288 3071 399 3143 aeque
425 3044 562 3120 dissum
590 3047 635 3120 eli
662 3046 772 3117 Ferire
798 3049 831 3121 8(
858 3049 997 3135 redire,
1024 3049 1058 3124 i.

1161 2334 1260 2408 -idell
1285 2332 1413 2410 Italics
1440 2335 1641 2420 intimidire,
1669 2339 1859 2436 impartite.
1883 2339 1941 2414 Ex

1176 2435 1294 2511 eadem
1326 2464 1414 2513 roce
1442 2441 1532 2534 apud
1562 2437 1646 2512 illos
1675 2436 1816 2515 fluxisse
1843 2437 1945 2514 vide-

1177 2559 1235 2613 tur
1260 2543 1432 2612 Coward:
1457 2539 1485 2613 ii
1513 2539 1637 2623 enim,
1664 2568 1736 2615 noo
1766 2541 1860 2617 secus
1885 2556 1945 2615 at·

1176 2666 1244 2735 que
1270 2639 1369 2711 Galli
1395 2641 1430 2709 ἃ
1458 2638 1610 2734 Hispani
1646 2645 1795 2711 covarr.
1817 2641 1945 2735 appel·

1175 2739 1284 2826 lant,
1323 2761 1428 2834 quem
1471 2761 1534 2810 nos
1574 2740 1723 2810 Codardo
1762 2739 1945 2817 dicimus.

1176 2837 1263 2914 Veri
1292 2865 1375 2938 ergo
1402 2836 1544 2913 videtur
1569 2836 1711 2923 limile,
1737 2841 1782 2915 ab
1808 2840 1943 2940 Anglis

1177 2939 1213 3016 id
1241 2967 1370 3015 nomen
1406 2940 1578 3017 emanasse
1612 2944 1653 3017 in
1679 2942 1766 3017 alias
1792 2964 1942 3045 gentes:

1176 3041 1313 3118 Tuscos
1340 3047 1452 3132 verb,
1488 3043 1582 3140 quod
1610 3070 1628 3116 a
1655 3048 1798 3135 Cruda,
1834 3069 1945 3142 quam

287 3147 440 3242 demque
460 3148 605 3218 verbum
630 3145 676 3218 est
702 3146 807 3222 litera
827 3152 966 3221 tantiam
987 3150 1058 3222 im·
1105 3151 1138 3218 D
1177 3151 1269 3216 cova
1297 3141 1493 3216 Lombardi
1522 3143 1674 3229 dicunt,
1703 3165 1846 3219 enatum
1875 3145 1945 3221 hoc

289 3248 451 3324 mutari,
479 3253 604 3341 nempe
635 3250 665 3321 R
692 3246 730 3320 in
760 3252 821 3336 D,
857 3248 1057 3348 euphoniae

288 3343 426 3437 eaussd,
464 3347 518 3438 uti
545 3346 654 3422 etiam
694 3376 757 3448 pro
786 3358 895 3437 Raro,
932 3350 1057 3428 dicunt

286 3454 407 3540 Rode,
429 3476 493 3551 pro
511 3454 736 3536 contrariare,
755 3453 967 3526 Contradiare
981 3454 1055 3535 &n

288 3554 468 3647 opinatus
504 3552 550 3627 est
587 3554 697 3629 etiam
726 3553 965 3630 castelvetrus
989 3585 1055 3631 no·

286 3652 375 3742 sier,
403 3655 487 3729 hinc
513 3658 692 3756 originem
722 3656 877 3732 habuisse
904 3664 988 3744 Prl,
1013 3657 1055 3735 ἃ

286 3761 411 3844 Prode,
433 3783 453 3832 a
476 3760 613 3832 Graeco
637 3759 807 3832 videlicet
825 3772 938 3851 epatu,
961 3762 1055 3859 quod

287 3857 408 3935 virum
445 3856 619 3961 fignificat
655 3859 853 3938 animosum
880 3885 986 3964 atque
1012 3862 1055 3936 ad

285 3959 485 4041 certamina
521 3963 697 4060 primum.
736 3963 801 4035 Sed
829 3983 891 4039 aut
916 3994 956 4038 ea
983 3990 1056 4037 vox

1178 3269 1309 3318 nomen
1340 3261 1529 3339 putarent,
1565 3243 1605 3317 in
1633 3247 1780 3318 Codardo
1809 3245 1946 3321 immu-
2077 3329 2092 3349 χ

1179 3346 1287 3420 tasse.
1314 3348 1375 3418 An
1402 3364 1521 3419 autem
1549 3345 1662 3447 Angli
1699 3344 1763 3447 ipss
1799 3350 1946 3422 Coward

1181 3446 1280 3521 suum
1307 3446 1508 3545 acceperint
1534 3474 1553 3520 a
1578 3457 1684 3531 Cow,
1719 3449 1814 3536 quod
1851 3448 1952 3548 apud

1181 3548 1274 3648 ipsos
1301 3545 1340 3622 ἃ
1368 3550 1458 3647 apud
1485 3553 1683 3624 Germanos
1720 3557 1851 3624 Vocem
1877 3552 1891 3646 (
1906 3578 1945 3624 a·

1181 3651 1293 3726 nimal
1335 3676 1461 3751 nempe
1502 3651 1703 3754 timidum)
1745 3650 1946 3755 significat,

1175 3751 1450 3829 incertissimum
1478 3755 1550 3829 cll.

1232 3858 1273 3928 ln
1302 3854 1485 3927 Patavinis
1526 3855 1695 3931 Historiis
1730 3856 1833 3956 lego,
1873 3881 1945 3932 non
2058 3848 2062 3853 ’

1178 3962 1299 4052 Equos
1326 3957 1492 4046 tantum,
1528 3956 1644 4031 sed&
1681 3962 1798 4059 Equos
1834 3962 1876 4035 ad
1903 3987 1947 4034 u-

286 4061 471 4136 derivatur
506 4086 526 4131 a
562 4067 715 4141 Probus,
757 4063 875 4148 priore
914 4066 1054 4136 tantiam
1105 4052 1136 4124 Ε
1179 4057 1253 4132 sum
1282 4056 1368 4131 belli
1395 4056 1496 4132 fuisse
1522 4059 1728 4162 adhibitas3
1769 4058 1947 4163 &agmi-

286 4159 423 4256 l'yllaba
451 4179 609 4247 retenta,
649 4161 685 4233 δι
713 4159 852 4257 adjesio
880 4168 957 4248 De,
984 4191 1057 4264 quo

287 4262 388 4346 sensu
433 4260 525 4357 apud
575 4281 711 4338 veteres
756 4260 854 4354 saepe
899 4266 1057 4343 occurrit

288 4368 395 4445 Miles
422 4369 543 4439 Probus
568 4364 584 4463 (
596 4392 688 4440 nune
713 4364 866 4444 dicimus
885 4397 929 4450 un
948 4398 1056 4464 enrag-

282 4466 393 4570 gt'sso,
419 4495 463 4540 un
485 4471 634 4551 valenae,
662 4494 706 4543 un
727 4470 889 4564 paleroso,
916 4500 960 4544 un
982 4478 1057 4547 bra·

287 4580 332 4648 'uo
354 4571 554 4670 „Cauatierel
582 4567 621 4648 &
656 4569 808 4647 Probitas
845 4603 907 4674 pro
944 4574 1056 4652 animi

288 4673 505 4754 fortitudine
540 4673 579 4748 in
616 4674 703 4753 belli
740 4674 907 4771 periculis
933 4678 949 4777 s
965 4705 1058 4753 nunc

287 4774 465 4865 brevura,
505 4779 679 4877 eornggr'o,
718 4781 830 4854 uasere
866 4781 1056 4882 dicitur);

290 4899 354 4953 aut
372 4881 527 4983 Anglico
542 4888 670 4965 erud,
690 4880 730 4960 δι
747 4884 919 4959 francico
935 4891 1057 4962 Preuxs

291 4979 392 5082 quod
424 5010 547 5067 eorum
584 4986 797 5067 uocabulum
833 4979 983 5063 sortaffis
1013 4981 1058 5059 ab

1180 4186 1271 4233 nae
1298 4159 1417 4235 milite
1456 4160 1502 4237 iis
1539 4164 1788 4240 tantummodo
1823 4182 1949 4237 utente

1180 4258 1449 4353 conflabantur,
1472 4290 1516 4339 ne
1543 4266 1643 4363 equis
1671 4264 1859 4340 immixtae
1884 4285 1947 4335 oe·

1181 4364 1280 4440 dines
1305 4367 1506 4442 turbarent.
1534 4365 1639 4440 Alibi
1657 4388 1798 4459 quoque
1820 4359 1947 4438 imita·

1182 4487 1276 4544 tores
1315 4468 1441 4543 babuit
1484 4464 1657 4557 ejusmodi
1708 4461 1948 4542 consuetudo.

1168 4571 1391 4644 ·Albertinus
1427 4564 1597 4640 Mulsatus
1632 4562 1671 4638 in
1709 4564 1840 4640 Histoe.
1868 4569 1950 4642 Au·

1180 4670 1263 4768 guli.
1294 4671 1375 4743 lib.
1402 4668 1438 4743 6.
1469 4665 1611 4742 Rubris.
1642 4692 1698 4768 13.
1741 4671 1871 4744 Tomo.
1903 4673 1949 4746 X.

1183 4779 1312 4851 Rerum
1364 4767 1519 4845 italicar.
1559 4773 1756 4848 exercitum
1803 4773 1950 4848 Pataui·

1181 4899 1288 4956 num,
1316 4874 1425 4950 Anno
1451 4877 1680 4951 Mcccxu.
1707 4874 1869 4951 cossium
1891 4899 1948 4947 re-

1179 4975 1347 5064 censens.
1373 4975 1459 5060 haee
1483 4978 1611 5059 babet:
1631 4983 1680 5059 ln
1712 5005 1850 5056 ¹essenon
1879 4981 1951 5047 Pe-

1440 5081 1494 5143 '0
1788 5079 1896 5171 dune
