4214 6014
279 355 404 465 593·
549 326 922 419 nissunrnrto
965 319 1522 420 transmutemur.
1724 361 1810 446 „4

217 448 352 537 Mons,
391 472 432 523 ιιι
471 445 571 548 cujus
605 447 742 546 gremio
779 450 980 526 Arcanum
1024 454 1058 525 Α
1103 462 1161 517 tur
1184 439 1320 518 Claves
1343 441 1553 519 Pontificiae
1572 471 1652 521 cum
1676 449 1868 551 epigraphe

217 545 397 625 Crucibus
432 547 646 647 insculptis,
687 551 820 626 tumuli
855 549 982 628 facient

216 647 337 725 nescio
373 677 416 724 an
457 677 537 750 prae
577 648 747 728 leserat.
787 658 895 754 Supra
923 658 982 729 Sol

222 750 340 825 radios
375 750 575 827 diffundens
611 777 691 826 cum
718 755 833 829 literis
859 761 984 831 OPVS

220 852 494 930 PETREClNl
529 857 596 928 DE
633 858 889 934 FLORETIA
921 863 984 934 M·

219 955 437 1030 CCCCLX.

272 1058 417 1130 Nonum
439 1055 477 1131 in
498 1056 624 1133 Museo
644 1057 791 1152 Estenst,
819 1061 985 1161 Alphon·

219 1152 294 1228 sum
323 1158 351 1229 1.
376 1156 549 1247 ostendit,
576 1159 689 1235 adhoc
715 1161 913 1254 infantem,
948 1166 983 1238 dt

221 1255 335 1355 polles
378 1261 512 1334 Ducem
550 1261 753 1353 Ferrariae,
794 1264 984 1358 Mutinae,

1101 549 1155 619 Μ.
1193 547 1338 620 ΡΑΡΑ.
1373 550 1626 642 QVARTVS.
1664 552 1704 623 In
1746 552 1867 627 aversa

1103 649 1179 721 VB.
1205 646 1290 721 idest
1317 652 1419 740 Urbs,
1447 653 1707 725 FIRMANA.
1750 659 1868 729 Num·

1102 775 1179 822 mus
1206 749 1379 847 perculsus
1405 751 1549 825 circiter
1577 757 1723 827 Annum
1752 752 1865 829 Chri·

1101 849 1142 924 sti
1169 853 1468 925 MCCLllllllll.
1496 850 1633 927 sedente
1666 856 1705 929 in
1734 860 1867 930 Roma·

1102 979 1147 1027 ea
1173 951 1353 1028 Cathedra
1380 953 1545 1029 Martino
1574 960 1637 1029 lV.

1152 1055 1212 1128 Ad
1240 1054 1324 1129 haec
1350 1054 1389 1130 in
1418 1053 1544 1130 Museo
1569 1055 1792 1158 Cbiappinio
1811 1086 1869 1134 ar·

1102 1176 1247 1257 genteus
1285 1159 1463 1232 Nummus
1500 1156 1648 1251 vilitur,
1684 1163 1724 1235 in
1767 1162 1867 1260 cujus

1102 1259 1220 1332 antica
1256 1279 1354 1356 parte
1391 1257 1475 1332 haec
1516 1261 1705 1361 epigraphe
1734 1265 1869 1365 legitur

219 1358 323 1458 Regii
361 1360 428 1434 &o
467 1362 668 1456 Principem
707 1363 906 1458 inclytum.
951 1371 984 1442 ls
1026 1369 1055 1439 B
1104 1364 1149 1432 D·
1176 1363 1219 1437 L·
1250 1363 1314 1433 DE
1342 1363 1677 1437 MELIORATIS·
1717 1363 1760 1439 In
1803 1391 1869 1464 po·

219 1460 331 1533 Anno
365 1463 716 1540 Mccchxxvt.
752 1493 796 1542 ex
839 1473 984 1566 ‚uenu-

219 1559 255 1633 le
282 1561 309 1632 l.
340 1565 458 1651 Duce,
497 1560 537 1640 ἃ
565 1567 739 1643 Eleonora
770 1567 984 1670 Aragonenii

221 1678 343 1735 uatus.
376 1663 509 1738 Vibtur
537 1666 615 1740 heic
640 1669 714 1765 ejus
740 1667 874 1770 effigies
902 1697 983 1746 cum

221 1761 337 1838 literis
366 1768 636 1844 ALFoNSVS·
657 1773 901 1847 Mchfflo
936 1777 984 1846 Ε·

222 1865 438 1940 sunsit.
477 1867 610 1942 Pollica
649 1870 755 1946 babet
790 1877 982 1948 Herculem

220 1966 262 2044 in
290 1968 474 2043 cunabulis
517 1968 689 2069 serpentes
729 1999 834 2052 manu
862 1995 985 2050 tenen-

221 2085 295 2143 tem
343 2069 378 2141 δι
426 2071 666 2167 jugulantem.
718 2074 810 2151 lnira
853 2079 886 2150 le
912 2080 986 2154 itur

221 2172 593 2247 mccchxxvtt.
629 2179 737 2275 Supra
772 2104 911 2254 charoli

1102 1461 1184 1535 llica
1211 1464 1297 1536 VB.
1319 1462 1386 1536 hoc
1405 1461 1451 1537 cll
1472 1469 1574 1555 Urio,
1602 1467 1867 1542 FIRMANA.

1102 1562 1249 1642 Scilicet
1272 1562 1353 1637 beic
1380 1582 1596 1640 memoratur
1620 1570 1779 1642 Dominus
1798 1575 1868 1642 Lu·

1100 1667 1232 1734 donicus
1255 1670 1296 1736 de
1322 1667 1531 1750 Melimtis,
1557 1693 1665 1766 nepos
1692 1670 1869 1744 lnnocen·

1103 1764 1148 1838 tii
1177 1768 1259 1839 Vll.
1302 1768 1442 1864 Papae3
1484 1767 1515 1841 is
1557 1769 1762 1862 nimirum,
1804 1768 1869 1867 qui

1103 1869 1212 1943 Anno
1246 1864 1379 1942 Christi
1415 1870 1644 1946 MCCCCV.
1685 1873 1869 1947 contruci-

1101 1965 1193 2041 datis
1219 1966 1438 2067 iniquiffime
1464 1968 1584 2043 decern
1613 1974 1767 2048 Romani
1796 1976 1867 2047 Po·

1103 2067 1177 2167 puli
1205 2067 1445 2168 primoribus,
1472 2067 1614 2145 funestis
1641 2072 1756 2148 Urbis
1789 2098 1869 2149 mo·

914 2206 986 2254 ms
1102 2170 1219 2259 tibus,
1239 2196 1279 2243 ac
1299 2167 1400 2271 fugae
1421 2173 1538 2271 patrui
1561 2173 1748 2249 Pontificis
1767 2171 1867 2249 caus·

221 2271 351 2346 Graeci
378 2292 451 2346 ram
478 2274 556 2348 rudi
583 2272 696 2352 formu
722 2278 891 2356 detinenti
908 2336 920 2370 ‚
948 2299 987 2356 ut
1015 2270 1061 2350 tC
1102 2268 1173 2345 lam
1200 2270 1320 2346 dedit.
1359 2273 1393 2348 ls
1433 2291 1551 2349 autem
1578 2276 1794 2351 turbulentis
1820 2277 1871 2350 il·

221 2372 262 2447 in
298 2373 345 2448 iis
386 2375 631 2477 intelligendis
671 2397 778 2478 atque
813 2382 986 2485 interpre-

220 2473 339 2553 tandis
365 2494 504 2578 tempus
530 2496 642 2559 terere
668 2483 871 2560 noluerim.

359 2682 848 2762 FIRMVM.

304 2883 447 2957 lrmnnae
473 2886 552 2960 Urbi
577 2883 690 2981 (telle
716 2887 874 2963 Odorico
894 2895 988 2986 Ray·

329 2981 434 3060 naldo
461 2988 498 3060 in
523 2989 695 3062 Annalib.
716 2989 987 3092 Eccleliallicis)

220 3086 408 3160 Honorius
435 3090 581 3164 Tertius
611 3092 703 3188 Papa
737 3096 908 3168 Monetae
935 3098 988 3193 jus

1101 2376 1147 2450 lis
1166 2374 1407 2471 temporibus,
1431 2376 1645 2450 concedente
1666 2379 1783 2475 Papa,
1803 2376 1870 2451 do·

1103 2475 1338 2550 minationem
1373 2471 1553 2551 Civitatis
1589 2476 1777 2552 firmanae
1811 2504 1869 2555 cr·

1103 2596 1321 2753 ηρξιοῑιιίιιιιι
1349 2681 1547 2755 Nummum
1575 2708 1595 2756 a
1636 2699 1778 2758 enteum
1805 2679 1870 2755 ad·

1104 2800 1216 2871 texo,
1256 2806 1361 2876 quem
1392 2789 1523 2856 Romae
1551 2810 1596 2881 po
1640 2788 1700 2858 det
1738 2779 1871 2857 doetis-

1105 2880 1209 2956 iintus
1230 2882 1349 2956 Abbas
1371 2882 1571 2961 Franciscus
1588 2881 1767 2959 Valefius.
1787 2889 1873 2984 Spe·

1105 2983 1199 3059 diane
1226 2983 1332 3057 illum
1354 2985 1459 3059 video
1478 2988 1521 3060 ad
1537 2989 1739 3061 firmanam
1761 2984 1874 3062 Civi-

1107 3104 1244 3173 tatem,
1272 3110 1381 3185 quum
1408 3085 1445 3160 in
1474 3087 1601 3185 pollice
1629 3091 1767 3189 legatur
1792 3089 1873 3161 VB

223 3184 270 3262 est
294 3187 462 3287 elargitus
489 3189 582 3266 bisce
613 3191 773 3283 Literis,
800 3222 884 3294 quas
904 3195 987 3290 quia
1033 3200 1068 3272 D
1107 3186 1222 3285 (idest
1243 3189 1354 3286 Urbs)
1396 3191 1663 3266 FIRMANA·
1710 3193 1763 3262 At
1788 3191 1874 3286 qui·

224 3286 346 3362 breves
387 3290 514 3367 referre
559 3321 631 3369 non
675 3295 831 3394 pigebit.
878 3305 988 3369 Hono-

221 3388 291 3461 rius
328 3392 395 3466 dec.
441 3396 671 3478 Univerfitatis
708 3396 830 3483 velisne
863 3400 989 3470 devotis

219 3489 365 3588 precibus
393 3496 565 3577 inclinati,
590 3496 728 3567 habendi
749 3497 912 3592 proprium
933 3525 988 3570 crs-

223 3617 316 3663 nerom
341 3597 387 3663 ad
410 3598 584 3668 cudendum
609 3601 798 3684 Monetam,
824 3598 905 3667 eitra
922 3625 987 3669 vn·

222 3694 317 3764 iorem
343 3695 581 3785 lmpeeioliom,
606 3696 738 3770 liberem
762 3696 855 3770 vobis
875 3696 986 3769 audio·

222 3793 321 3877 ritate
336 3796 548 3887 praesentium
565 3799 758 3870 concedimus
778 3798 985 3888 facultatem.

224 3899 348 3969 Datum
375 3900 530 3970 Laterani
566 3903 638 3972 Vll.
677 3902 752 3970 ledus
786 3898 987 3985 Decembris,

224 3994 436 4085 Pontificatus
455 4000 549 4081 nollri
566 4007 668 4072 Anno
688 4006 725 4074 V.
749 4004 828 4075 Hoc
848 4000 893 4077 est
911 4007 987 4076 An·

1108 3314 1189 3364 nam
1218 3289 1395 3362 Dominus
1425 3292 1531 3364 Urbis
1566 3290 1606 3366 in
1642 3289 1761 3365 antica
1786 3287 1876 3364 deli·

1108 3407 1257 3489 gnetur,
1287 3389 1350 3462 alii
1378 3388 1517 3465 felicius
1543 3390 1781 3465 indicabunt.
1807 3389 1876 3467 Li-

1109 3509 1204 3562 terae
1230 3492 1299 3563 CO
1309 3539 1424 3561 ......
1452 3492 1765 3576 VlCECOMES,
1793 3502 1875 3566 cum

1110 3586 1238 3685 insigni
1287 3585 1458 3686 Anguis,
1511 3587 1650 3663 sortail'e
1695 3586 1878 3689 designant
1945 3652 1951 3661 .

1108 3696 1260 3761 Comitem
1285 3688 1488 3780 franciscum
1520 3689 1675 3778 Sftttient
1711 3692 1879 3764 Vicecomt’·

1110 3811 1194 3878 tem,
1231 3788 1298 3863 boc
1323 3786 1370 3862 eil
1395 3789 1573 3884 inclytum
1600 3791 1706 3866 illum
1734 3794 1877 3886 uirum,

1110 3889 1174 3990 qui
1202 3891 1316 3986 polles
1343 3893 1427 3971 Dux
1453 3891 1657 3968 Mediolani
1692 3895 1875 3979 renuntia·

1111 4012 1168 4067 tus
1195 3992 1265 4067 cll.

165 4159 171 4180 .,
226 4121 274 4171 no
300 4094 435 4172 Cbrilli
463 4103 653 4173 MCCXX.
691 4103 739 4174 Et
764 4102 907 4194 quidem
935 4102 988 4177 su·
1035 4099 1064 4168 E
1164 4098 1342 4190 Quartum
1359 4114 1563 4195 argenteum
1580 4099 1779 4175 Nummum
1800 4095 1881 4198 sup·

226 4223 287 4299 pra
314 4202 352 4273 in
397 4199 599 4274 Pontificiis
641 4203 808 4275 Nummio
835 4202 988 4301 Trigest·

225 4325 324 4375 mum
352 4322 514 4400 quartum
545 4301 657 4377 Firmi
683 4302 873 4399 perculsum
895 4304 989 4378 ridi·

224 4426 303 4479 mus
339 4431 359 4477 a
395 4402 584 4479 Bonifatio
620 4408 685 4477 lx.
722 4407 841 4502 Papa,
875 4400 990 4479 livea

225 4504 404 4580 Firmanis
446 4505 566 4583 cusum
607 4505 647 4582 in
683 4501 855 4581 bonorem
890 4504 990 4581 illius

214 4603 440 4683 ·Pontificis.

280 4708 536 4806 Antiquiorem
563 4736 655 4786 nunc
681 4707 842 4809 profero,
868 4735 991 4808 argeu-

226 4825 328 4887 teum
375 4809 564 4895 videlicet,
604 4838 623 4885 a
659 4812 758 4906 supra
795 4829 992 4886 memorato

227 4914 372 4989 Abbate
398 4911 571 5002 Joacbino
598 4912 852 5003 Iurisconsulto
882 4921 992 4988 Foro·

231 5012 479 5118 sempronienli
504 5014 747 5116 adservatum,
784 5015 845 5096 ubi
871 5012 992 5095 silun-

1114 4197 1292 4294 peditavit
1320 4197 1412 4272 mihi
1448 4200 1691 4296 praelaudatus
1727 4206 1880 4297 Joannes

1116 4296 1270 4392 Baptista
1298 4298 1498 4374 Bianconus
1535 4299 1785 4373 Bononiensis.
1823 4297 1881 4373 lbi

1114 4397 1176 4470 bas
1202 4397 1324 4472 literas
1351 4399 1476 4473 babes:
1506 4402 1618 4473 EVG.
1636 4401 1883 4493 PnQvnR-

1115 4502 1232 4572 TVS:
1261 4499 1346 4573 idell
1387 4504 1554 4596 Eugeniut
1593 4505 1687 4596 Pope
1711 4508 1883 4596 Quartus.

1116 4602 1236 4676 Habes
1272 4598 1310 4675 δι
1346 4597 1479 4677 Claves
1526 4599 1660 4702 infigne
1701 4608 1884 4679 Romanae

1116 4699 1308 4778 Ecclefiae.
1335 4707 1375 4775 In
1396 4706 1505 4777 alters
1524 4700 1615 4778 facie
1633 4706 1772 4777 eaedem
1792 4699 1884 4778 Cla·

1117 4830 1178 4878 ves
1218 4830 1297 4877 cum
1336 4803 1453 4878 literis
1498 4807 1575 4881 VB.
1620 4808 1884 4880 frumans.

1118 4904 1346 4981 Pontificiam
1363 4901 1579 4980 Catbedrant
1595 4907 1799 4980 conscendit
1811 4909 1885 4981 Eu·-

1114 5009 1238 5114 genius
1251 5012 1409 5107 Quartus
1419 5000 1675 5088 curcurim
1685 5008 1885 5191 llxlffic-
