4214 6014
314 333 401 436 4e5
591 319 969 412 nrssrnrnrro
1007 321 1565 415 Vrorarrrranrrrrm.
1764 343 1852 437 ⁴⁶⁶

256 441 387 540 pendet
420 435 506 512 llola
537 462 617 511 eum
653 438 770 516 literis
807 438 845 516 in
885 441 1027 543 pesiore
1060 445 1095 518 A
1141 441 1329 517 Antillitis
1356 461 1492 540 patrem
1519 440 1600 516 heie
1626 441 1820 538 designari,
1849 447 1912 542 qni
2015 454 2018 461 ’

255 543 349 626 s1s,
375 565 488 637 quas,
514 537 625 614 donec
652 541 717 616 alii
745 541 915 641 propiora
944 572 1028 620 vero

257 666 318 720 me
342 642 513 723 doceant.
548 642 778 744 interpretari
806 645 915 721 liceat
939 652 1027 721 Ses-

258 740 330 819 8111
341 736 551 836 'Jaeueriun
587 743 628 819 ln
650 743 772 821 limbo
798 745 932 847 legitur
959 770 1028 819 aa·

258 879 309 925 eo.
339 863 487 932 tmpus,
512 844 652 931 literis,
677 865 719 921 ut
738 873 832 922 nunc
852 849 1028 946 dicimus,

258 945 426 1035 curfiris,
451 944 559 1031 idell,
578 965 626 1027 ,ut
651 947 830 1050 conjicio,
855 957 1029 1044 Apostolus

250 1051 469 1150 Ianuarias.
509 1049 575 1124 Sed
617 1077 679 1125 eur
718 1050 883 1125 Sanbium
921 1057 1026 1132 illum

258 1158 461 1247 Martyrem
487 1147 602 1227 titula
625 1151 777 1242 Apostoli
803 1153 935 1232 donare
962 1187 1027 1234 vo·

1139 547 1251 618 Anno
1274 547 1492 619 Dcccxl..
1520 543 1665 617 floruit.
1694 547 1827 620 Veniam
1854 553 1913 620 (2¹.

1141 651 1188 719 V.
1216 645 1390 721 Nicolaus
1417 644 1625 722 Carminius
1657 649 1788 728 Falco,
1811 668 1911 720 nunc

1133 744 1334 844 ‘Episcopus
1350 744 1626 822 Marturanenfia
1638 802 1649 838 ,
1663 746 1703 821 in
1721 748 1808 823 virt
1825 754 1909 823 San·

1141 847 1192 924 ai
1219 848 1378 941 Ianuarii
1403 847 1532 924 italice
1558 845 1707 949 scripti,
1741 851 1817 923 veri
1847 878 1910 949 pu·

1143 968 1196 1025 tat
1232 948 1410 1042 similius,
1445 947 1664 1025 referendum
1699 950 1765 1024 else
1794 956 1911 1027 Num·

1143 1078 1243 1126 enum
1270 1052 1365 1126 bunc
1391 1053 1433 1126 ad
1469 1053 1617 1149 Sergium
1644 1056 1705 1125 ssi.
1734 1055 1907 1152 Neapolis

1144 1159 1309 1247 Ducem,
1349 1154 1412 1253 qui
1457 1151 1664 1247 Prerosebajli
1697 1155 1849 1226 titulum
1889 1180 1910 1226 a

257 1252 394 1333 luerint
423 1251 657 1351 Neapolim,
682 1250 847 1327 divinare
868 1260 1026 1334 nondum
1143 1255 1288 1332 Graecis
1316 1255 1482 1356 Augustis
1508 1253 1572 1330 fibi
1599 1254 1843 1354 comparavit.

261 1455 406 1535 rudibus
424 1453 570 1529 Graecis
589 1456 706 1537 literis
726 1455 933 1549 efformata,
959 1463 1029 1538 boc

263 1556 333 1647 est,
359 1572 465 1644 duperia
485 1569 526 1634 eie
549 1566 640 1634 rium
662 1563 714 1626 riri
732 1571 777 1627 eei
796 1578 881 1651 κόρυς.
912 1562 1028 1642 Com-

260 1658 380 1736 munis
420 1661 694 1751 Neapolitarum
736 1668 911 1746 sententia
950 1668 1028 1752 est,

263 1758 435 1862 defignari
470 1759 526 1836 luis
553 1764 684 1840 verbis
705 1772 940 1848 liberationem
966 1776 1028 1844 Ur·

263 1863 313 1934 bis
337 1867 381 1934 ab
407 1862 542 1934 immani
576 1865 720 1941 incendio
746 1874 862 1945 montis
890 1871 1029 1964 Vesevi.

263 1963 358 2036 Vide
385 1982 503 2037 tamen
529 1967 637 2061 quim
666 1971 753 2049 bene
789 1975 917 2073 scripta
953 1969 1029 2046 sue·

262 2064 338 2139 rint
357 2075 461 2153 sororia
481 2072 516 2140 δι
531 2076 622 2145 elnae
668 2075 775 2168 Quod
803 2094 937 2149 certum
959 2074 1028 2148 mi·

263 2163 304 2240 bi
332 2166 501 2258 videtur,
536 2192 700 2250 accentus
728 2204 768 2250 ac
798 2175 941 2277 spiritus
968 2201 1029 2272 ap·

143 1355 149 1365 ’
260 1354 385 1456 potui·
418 1351 462 1426 '1¹¹
498 1352 628 1455 postica
663 1352 853 1452 epigraphe
880 1359 1029 1446 visitur,
1068 1355 1096 1427 Β
1196 1363 1321 1434 Sextus
1342 1362 1521 1433 Nummus
1540 1378 1908 1457 aereus2aperquam

1143 1460 1227 1556 rudi·
1260 1459 1397 1534 artifice
1424 1458 1546 1548 culus,
1582 1457 1639 1532 sed
1675 1482 1861 1558 perrarus,
1885 1480 1909 1529 ι

1145 1562 1216 1637 mei
1243 1560 1483 1636 amantissimo
1508 1562 1651 1635 Abbate
1680 1564 1724 1633 D.
1749 1563 1910 1634 Alexan·

1144 1664 1207 1739 dro
1247 1661 1472 1763 Chiappinio
1514 1660 1723 1743 Placentino
1765 1661 1806 1741 ad
1853 1687 1910 1735 rne

1144 1765 1263 1841 misius
1290 1765 1384 1841 fuit.
1421 1767 1593 1863 Perquam
1621 1761 1745 1837 similis
1773 1789 1912 1862 praece·

1142 1867 1242 1941 denti
1263 1867 1330 1957 est,
1357 1865 1420 1940 nifi
1447 1865 1542 1965 quod
1569 1865 1648 1938 heic
1674 1865 1806 1961 Sergius
1823 1865 1911 1937 dex·

1144 1970 1219 2043 teri
1252 1964 1409 2043 Crucem
1446 1985 1565 2042 tenet.
1601 1966 1732 2038 Eadem
1771 1965 1910 2041 utrobi·

1146 2096 1214 2168 que
1240 2067 1448 2168 inscriptio,
1475 2066 1593 2142 itaut
1617 2066 1694 2140 veri
1719 2064 1833 2141 fimile
1854 2066 1911 2141 vi·

1143 2172 1293 2251 deatur,
1335 2169 1378 2243 ad
1414 2194 1524 2244 unum
1564 2166 1798 2266 eumdemque
1831 2170 1910 2244 Set·
2048 2260 2050 2264 .

263 2261 392 2368 politi,
418 2268 551 2370 ipsique
571 2300 725 2369 errores,
751 2275 791 2354 &
814 2277 928 2354 forma
947 2277 1031 2351 cha·
1065 2294 1099 2370 (3
1144 2272 1244 2375 gium
1273 2271 1447 2372 pertinere
1476 2267 1517 2346 δι
1553 2267 1657 2343 illum
1684 2264 1909 2347 Nummum.
2023 2342 2027 2350 ,

262 2366 460 2453 miletum,
496 2399 568 2446 uon
597 2379 750 2454 multam
787 2377 940 2459 Nummi
966 2404 1029 2452 an·

257 2468 471 2567 tiquitatern
499 2476 677 2572 produnt.

314 2574 474 2666 Quartus
502 2602 627 2654 aureus
662 2581 823 2658 eumdem
860 2579 1027 2658 Sanslum

262 2672 467 2764 Ianuarium
489 2677 636 2754 exhibet
661 2682 847 2767 stolatum,
874 2708 955 2757 cum
983 2682 1030 2754 li·

261 2774 350 2849 teris
385 2780 449 2850 SlS
489 2778 528 2851 in
565 2781 734 2876 prsiore,
767 2788 803 2859 tr
839 2786 879 2859 iu
916 2784 1030 2858 limbo

265 2876 499 2952 SANCTVS
538 2882 854 2960 IANVARIVS.
896 2884 1031 2959 Pollice

1197 2372 1374 2470 Septimus
1394 2398 1513 2446 aereus
1531 2368 1687 2472 effigiem
1709 2368 1829 2445 Saasli
1853 2371 1911 2460 Ja-

1145 2474 1274 2594 nuarii.
1299 2471 1585 2591 praecedentibus
1621 2470 1771 2546 similem
1801 2470 1911 2545 -nobis

1144 2574 1294 2778 {issi
1308 2600 1444 2777 biii
1469 2572 1911 2775 iiiiifiiigiizpil

1146 2779 1243 2877 scopi
1279 2804 1359 2853 cum
1397 2776 1513 2852 literis
1552 2777 1595 2852 ad
1636 2777 1746 2850 latera
1789 2774 1910 2875 postis

1145 2880 1297 2956 ATHA
1331 2883 1439 2963 ΕΡὸ,
1474 2877 1559 2953 idest
1584 2877 1791 2963 mbanessus
1825 2877 1912 2974 Epi·

186 3041 189 3044 Α
266 2979 419 3050 Crucem
449 2976 555 3053 habet
589 3010 670 3058 cum
706 2985 896 3088 epigraphe
921 2990 1032 3077 Grae·
1139 2978 1937 3079 [1111111.111111111111111111111111011111-Δ

266 3103 306 3152 ca
332 3091 595 3169 anonumum
625 3085 687 3161 ubi
712 3093 763 3162 A.
787 3116 854 3190 pro
882 3084 933 3160 st
960 3085 1032 3161 suit

1146 3083 1389 3183 politanorum
1417 3079 1574 3159 Antistes
1607 3079 1708 3154 fimul
1736 3082 1771 3151 dc
1801 3081 1910 3170 Dux,

264 3176 492 3283 impressum:
527 3186 690 3275 1101111,
726 3192 1032 3289 Neapolitanorum.
1068 3204 1103 3276 D
1145 3184 1208 3285 qui
1229 3189 1339 3259 Auno
1353 3181 1494 3261 christi
1514 3184 1801 3259 occctxxx.
1829 3206 1912 3280 peo-

299 3287 497 3379 .Quinslus
521 3316 641 3365 aereus
666 3289 823 3393 effigiem
860 3316 1030 3393 parurna
1146 3309 1224 3385 pter
1250 3286 1385 3360 fraudes
1409 3281 1451 3359 ἃ
1479 3285 1572 3363 vitia
1606 3311 1679 3359 non
1717 3308 1829 3384 pauca
1851 3279 1910 3360 st·

289 3389 488 3463 recaedenti
528 3389 723 3465 absimilem
759 3392 912 3491 pracsert
949 3416 1030 3467 cum

280 3488 382 3562 iteris
416 3486 497 3564 SCS
532 3494 674 3565 IANV.
710 3494 751 3565 ln
787 3492 906 3568 samse
939 3490 1031 3565 facie

266 3586 392 3661 visitur
414 3588 534 3688 imago
549 3591 661 3685 'Sergii
680 3591 781 3663 Ducit
800 3591 1031 3686 Neapolitani,

260 3690 412 3865 globum
440 3705 686 3788 terraqueum,
721 3686 842 3767 Cruce
867 3689 1030 3791 superpo·
1072 3772 1074 3776 .

294 3791 546 3874 adornatum,
580 3789 712 3865 finillrl
736 3791 926 3893 gestantis.
954 3790 1032 3868 Ad·

266 3889 363 3966 ditur
390 3888 429 3965 &
455 3891 656 3967 asteriscus.
686 3895 747 3967 Ad
776 3897 886 3970 latera
912 3892 1030 3994 dispo-

187 4088 191 4093 ⁵
267 3990 350 4068 stae
375 3994 455 4066 sunt
478 3995 602 4069 literae
619 3997 793 4070 SERGIV
817 4000 942 4071 DVX.
963 3993 1030 4071 Uti

266 4116 324 4168 me
360 4094 503 4169 monuit
538 4097 780 4194 praelaudatus
815 4096 937 4173 Coeno
974 4098 1031 4173 vir
1067 4097 1097 4168 E

211 4242 224 4261 .-
268 4191 509 4286 doiliffimus,
543 4198 656 4270 multa
682 4194 728 4269 cst
754 4197 848 4272 inter
873 4199 1029 4300 Scripto-

265 4322 320 4372 res
341 4298 600 4396 Neapolitanos
620 4298 862 4391 concertatio,
888 4299 946 4375 cui
965 4301 1030 4376 tri·

267 4396 423 4471 buendus
460 4397 503 4473 sat
529 4398 588 4474 hic
626 4403 825 4474 Nummus.
860 4398 1031 4500 Quinque

268 4497 364 4570 enim
391 4499 728 4598 ejusdemnomiuis
766 4500 878 4603 Sergii
917 4507 1035 4578 Duces

268 4600 424 4697 Neapoli
466 4596 708 4700 imperarunt.
752 4603 955 4679 franciscus
989 4605 1031 4679 de

265 4699 385 4775 Petris
411 4702 449 4774 in
477 4702 609 4777 Hillor.
646 4705 829 4799 Neapolit.
856 4704 1033 4800 &nuper

268 4821 484 4906 memoratus
512 4804 819 4903 lbi-lieronymus
837 4808 880 4882 de
904 4806 1032 4881 Sansba

209 4990 232 5001 Α,
269 4908 400 4986 iluna,
416 4902 555 4976 censent
566 4904 723 5006 Sergium
742 4909 1032 4985 eximiuml’rin·

268 5005 385 5110 eipem
420 5002 541 5080 Sansii
577 5007 775 5087 Athanasii·
798 5009 1033 5113 Neapolitani

1146 3386 1262 3461 mosus
1289 3385 1417 3461 evafit.

1198 3486 1356 3561 ostanus
1392 3486 1547 3585 Neapoli
1584 3514 1603 3560 a
1640 3489 1679 3558 P.
1718 3480 1913 3557 Dominico

1148 3585 1352 3685 Putignano
1386 3591 1464 3659 Soc.
1505 3583 1617 3676 lesu,
1650 3583 1911 3685 antiquitatum

1146 3681 1388 3761 lludiosrilimo
1422 3685 1643 3760 adservatur.
1679 3690 1803 3781 Quom
1838 3684 1911 3763 fere

1145 3786 1185 3862 in
1222 3786 1389 3862 omnibus
1424 3788 1644 3887 praecedenti
1680 3786 1724 3861 sit
1752 3786 1911 3870 smilis,

1146 3889 1241 3965 novi
1265 3887 1507 3988 explicatione
1532 3913 1607 3964 noo
1631 3886 1790 3991 indiget.
1962 3950 1966 3977 ,
2029 3980 2032 3985 1

1197 3993 1322 4087 Atque
1347 3989 1516 4069 bassetus
1552 3990 1787 4090 Neapolltani
1813 4003 1913 4081 retez
1950 4036 1987 4072 ·,

1147 4119 1201 4167 res
1229 4091 1404 4186 Nummi,
1441 4118 1529 4192 quos
1566 4117 1753 4193 congerere
1788 4087 1913 4211 potui.

1149 4195 1261 4271 Nulla
1287 4192 1379 4267 mihi
1415 4194 1597 4269 dubitatio
1631 4192 1700 4276 est,
1737 4219 1824 4291 qum
1850 4218 1913 4266 eo·
2008 4206 2013 4217 “

1147 4318 1226 4369 rum
1254 4291 1413 4395 syllogen
1431 4322 1565 4396 augere
1593 4294 1807 4393 facillimum
1843 4291 1942 4383 sir.¹
2017 4324 2020 4329 ·

1148 4394 1257 4469 Alios
1295 4420 1437 4494 quoque
1477 4396 1634 4472 nondum
1670 4421 1690 4469 a
1726 4390 1912 4467 movisti

1149 4495 1343 4596 procudisse
1384 4497 1475 4575 mihi
1516 4498 1705 4575 creduntur
1745 4496 1913 4588 Principes

1147 4598 1347 4670 salernitani
1387 4599 1426 4687 de
1460 4600 1646 4697 Cameniy
1671 4592 1719 4674 ,ἀ
1755 4597 1912 4696 aliquem
1947 4685 1951 4693 Ι

1148 4724 1193 4775 ex
1232 4698 1413 4797 postrema
1448 4702 1674 4803 ‘proditurum
1717 4699 1913 4798 aliquando

1151 4799 1240 4874 mihi
1268 4800 1341 4902 spes
1367 4801 1505 4891 ell,‚ex
1532 4828 1604 4900 quo
1631 4802 1784 4879 Alexius
1808 4803 1912 4893 syn·
1960 4864 1971 4885 ,

1148 4909 1291 4982 machus
1335 4901 1545 4980 Mazochius
1586 4900 1792 4979 Canonicus
1836 4899 1912 4978 Ca·

1147 5036 1280 5111 puanus
1315 5011 1362 5085 V·
1387 5008 1447 5084 Cl.
1483 5004 1716 5106 antiquitates
1754 5003 1910 5080 celebra·

1767 5103 1859 5186 ciffi-
