4214 6014
284 353 357 474 a,
552 345 996 470 ancrourr.
1047 344 1546 440 nrorrarar
1757 342 1819 460 ‘⁸4'

124 450 130 462 ¹
225 463 406 547 lirrare,'
434 466 549 566 q'umn
587 467 735 556 ocreae,
764 490 824 543 aut
852 473 994 544 braccae
1035 471 1069 544 A
1105 475 1219 551 batur,
1253 489 1303 540 ue·
1327 489 1385 561 per
1417 466 1555 539 medinm
1590 459 1881 536 Cruriculisernl·'

222 567 389 641 demissae
409 568 680 666 opprimebant.
709 574 825 645 Immo
845 574 879 644 dr
901 572 993 670 apud

226 670 398 756 Barbaros
424 669 564 745 eaedem
595 671 734 748 Falciae
760 673 799 749 in
825 674 887 749 usu
918 674 994 746 suc-

227 797 290 844 re.
326 770 430 847 Tclle
464 771 587 847 eodem
617 776 743 850 Paullo
770 776 853 851 Lib.
888 775 992 874 prim.

227 876 316 973 Cap.
347 898 407 970 24.
435 876 686 974 Langobardi,
722 899 910 974 antequam
954 874 992 948 in

226 974 370 1050 ltaliam
391 976 638 1069 descenderent
658 980 746 1072 [uris
766 980 899 1070 inferius
918 1005 992 1050 can·

224 1077 314 1151 rlirlis
349 1084 519 1151 urebantur
554 1080 732 1172 fasciolis.
773 1081 815 1156 ln
856 1080 992 1180 ellypis

229 1197 348 1255 autem
387 1183 587 1257 Columnae
628 1183 826 1281 Traianae,
871 1210 912 1258 ac
954 1182 992 1257 in

1106 573 1253 644 nemilus
1292 575 1337 643 ad
1362 570 1581 669 peremtionem
1605 565 1785 638 Gentilium
1809 592 1880 637 aua

1106 694 1246 749 caretur.
1290 676 1446 747 Ultimum
1494 672 1625 745 habitur
1661 692 1763 738 eorum
1802 680 1875 740 erat

1103 776 1241 865 pallium
1266 803 1399 855 carrum,
1436 772 1491 845 vel
1511 769 1748 866 saphyrinum‚
1790 795 1872 868 qua·

1104 879 1322 974 drangulum,
1358 876 1500 968 duplex,
1530 872 1577 960 lic
1611 871 1807 963 formatum,
1833 891 1873 944 ue

1104 1005 1199 1076 quum
1226 983 1433 1076 imponeretur
1457 976 1621 1066 humeris,
1646 993 1721 1045 anre
1746 971 1795 1051 &¹
1820 1001 1872 1046 re-

1104 1101 1152 1152 tro
1175 1084 1269 1180 pedes
1294 1099 1459 1180 tangerer,
1485 1079 1527 1150 de
1542 1077 1698 1149 lareribus
1715 1082 1791 1147 uero
1809 1077 1870 1149 vire

1099 1210 1208 1280 genua
1232 1204 1421 1281 contegeret.
1461 1185 1546 1252 Tum
1580 1176 1711 1265 baculus
1749 1184 1789 1249 de
1813 1204 1869 1250 ar-

227 1281 310 1355 allis
347 1283 575 1380 antiquorum
617 1284 879 1374 monumentiS,
920 1289 992 1358 Ro·
1103 1287 1173 1356 bore
1198 1286 1303 1370 malo,
1337 1284 1432 1355 nodis
1462 1276 1599 1372 paribus
1634 1279 1888 1364 admirabilis,

227 1407 413 1456 manorum
460 1409 559 1456 crura
604 1384 887 1485 integumentum
924 1386 992 1458 ali·
1043 1380 1070 1453 B
1103 1385 1229 1482 rigidus
1259 1381 1311 1464 (γ’
1345 1381 1503 1455 rerribllir
1535 1378 1686 1477 cuspide,
1724 1383 1871 1455 manuali

227 1484 323 1579 quod
345 1483 514 1581 praescrre
535 1484 720 1562 videntur.
748 1490 863 1564 serius
882 1488 990 1562 eriam

227 1585 426 1685 Eginlrarto
447 1588 529 1660 telle
542 1644 551 1679 ,
579 1592 729 1663 Carolus
750 1596 901 1688 Magnus
924 1591 993 1658 Fa·

1103 1512 1141 1556 en
1166 1509 1241 1557 auro
1266 1485 1321 1556 uel
1343 1504 1502 1582 argento,
1527 1508 1596 1555 cunr
1621 1484 1789 1555 caelaturis
1815 1486 1870 1557 in·

1098 1585 1246 1679 figellum
1270 1582 1430 1676 praefixe,
1454 1585 1644 1677 portabatur
1662 1583 1699 1656 in
1717 1588 1868 1662 demerui.

218 1685 313 1774 fiolis
338 1716 454 1777 crura,
482 1689 530 1766 θ’
554 1695 647 1785 pedes
673 1692 886 1763 calciamentis
920 1715 991 1759 con·
1105 1691 1202 1760 Haec
1229 1686 1318 1769 ille,
1345 1687 1444 1788 cujus
1472 1685 1612 1785 prolixa
1637 1686 1744 1762 verba
1771 1705 1868 1765 attu-

220 1787 418 1883 stringebat.
447 1789 540 1862 Vide
561 1789 652 1889 apud
675 1792 862 1864 Baluzium
882 1794 992 1864 Tom.
1102 1787 1179 1862 sisse
1219 1813 1277 1862 me
1317 1813 1388 1861 non
1429 1786 1608 1889 poenitet.
1648 1788 1870 1888 Apollinaris
1960 1798 1963 1802 ‘

227 1912 262 1964 2.
282 1889 480 1972 Capitular.
506 1916 583 1991 pag.
609 1893 717 1986 1276.
742 1892 898 1992 effigiem
920 1895 991 1966 Ca·
1103 1915 1244 1988 quoque
1271 1888 1436 1965 sidonius
1463 1908 1540 1966 tum
1562 1889 1645 1965 Lib.
1666 1895 1700 1967 8.
1720 1891 1867 1993 Epislol.

226 1993 298 2065 roll
334 1989 468 2080 Calui,
513 1993 571 2066 cui
612 1992 744 2067 adstant
784 2000 992 2094 Magnates,
1107 2014 1165 2066 11.
1193 2009 1268 2067 tum
1296 1988 1460 2066 Carmin.
1490 2016 1524 2065 2.
1560 1991 1697 2066 Vrncula
1730 2019 1870 2070 memo·

228 2091 402 2190 ejusmodi
439 2092 609 2169 Fasciolio
654 2095 763 2170 tibias
803 2094 993 2169 ambienti·
1102 2110 1177 2176 rat,
1213 2093 1340 2194 quibus
1376 2092 1561 2172 Fasciaea
1590 2093 1735 2192 pedibus
1761 2094 1870 2174 dedu·

228 2195 314 2271 bus.
344 2199 515 2270 Attamen
543 2216 677 2297 praeter
713 2198 843 2292 Fasciar
879 2200 997 2269 Tibia·
1102 2192 1182 2270 liae
1213 2219 1271 2289 per
1302 2221 1394 2270 crura
1437 2193 1688 2271 decurrebant.
1735 2199 1788 2272 Ita
1827 2197 1868 2278 in
1979 2260 1982 2266 .

227 2298 279 2369 lia
328 2297 542 2397 Eginhartus
578 2298 739 2394 usurpata
793 2328 813 2373 a
857 2296 995 2374 Carolo
1035 2304 1069 2379 C
1103 2297 1273 2370 Concilio
1299 2294 1577 2372 Cloueslrouensr
1604 2301 1713 2372 Anno
1748 2302 1879 2379 DCC.⁴

229 2401 367 2496 Magno
393 2397 536 2473 scribit.
576 2400 683 2492 Quod
724 2399 872 2475 minime
897 2397 995 2474 diffi·
1105 2401 1256 2470 XLVII.
1296 2394 1389 2498 Cap.
1423 2402 1483 2495 38.
1517 2399 1560 2471 de
1587 2398 1777 2474 Monachis
1803 2401 1869 2480 sta·

228 2498 457 2574 musandum.
1104 2497 1237 2572 ruitur:
1267 2504 1332 2570 Nee
1359 2500 1527 2571 imitemur
1550 2501 1733 2574 Saeculares
1756 2503 1871 2578 inve·
1921 2538 1926 2546 ·

280 2605 328 2674 Et
364 2599 442 2675 sane
479 2601 569 2676 alius
597 2604 738 2703 tegendi
778 2633 876 2679 crura
903 2603 993 2679 ritus
1096 2600 1177 2686 stim
1218 2601 1355 2672 crurium
1396 2624 1454 2695 per
1497 2601 1679 2690 Fasciolas.
1720 2603 1868 2681 Illarum

227 2701 391 2776 invedlus
409 2730 428 2774 a
449 2705 616 2776 Francis.
647 2711 784 2802 Nempe
810 2708 897 2775 lirul
926 2707 995 2778 teld
1102 2719 1219 2773 autem
1250 2700 1329 2774 usus
1356 2726 1399 2774 nc
1426 2704 1551 2775 Seculo
1577 2701 1722 2798 quidem
1756 2703 1871 2784 Chri·

229 2829 287 2878 eas
324 2797 536 2890 vestiebant,
576 2806 610 2875 δι
650 2805 738 2878 hanc
779 2808 908 2878 Tibiale
934 2795 1026 2907 ap}
1101 2800 1140 2873 sti
1171 2805 1212 2872 Χ.
1239 2803 1273 2874 δι
1305 2806 1365 2875 Xl.
1391 2801 1553 2877 desierat.
1585 2807 1678 2878 Nam
1706 2803 1744 2880 in
1772 2808 1868 2886 anti·

210 2896 435 3006 pellebant:
479 2919 555 2977 tum
593 2906 755 2998 Fasciolar
791 2905 891 2993 super
925 2907 1026 2985 'li-l
1100 2902 1868 3000 quioribusCluniacenlisMonasleriiCon·

231 3006 347 3096 lniale,
382 3003 692 3104 &superomnia
728 3008 911 3108 Corrigiar
938 2996 1026 3138 ira-p
1099 3005 1363 3093 suetudinibus‚
1384 3005 1528 3080 circiter
1547 3011 1867 3089 AnnumMLxx.

230 3110 430 3188 ducebant,
472 3126 511 3180 ut
553 3128 740 3206 aptarent,
781 3110 1024 3207 constringe-1
1100 3107 1143 3177 ab
1173 3107 1340 3180 Uldarico
1367 3107 1549 3182 Monacho
1576 3109 1757 3194 rolleliis,
1783 3114 1868 3191 &a

230 3228 379 3304 remque
404 3210 510 3279 telam
541 3209 583 3280 ad
612 3210 738 3284 tibias.
775 3211 873 3284 Audi
909 3214 994 3282 Nlo—
1032 3196 1075 3266 D*
1103 3206 1278 3280 Darherjo
1304 3206 1410 3281 editis
1437 3210 1520 3283 Lib.
1541 3233 1574 3305 3.
1593 3213 1682 3308 Cap.
1711 3235 1764 3288 11.
1796 3219 1867 3288 ra-

230 3312 381 3386 nacbum
402 3308 659 3409 Sangallensem
680 3313 762 3387 Lib.
786 3312 888 3411 prim.
905 3316 993 3410 Cap.

232 3419 293 3512 36.
318 3413 360 3485 de
389 3413 475 3484 Reb.
494 3411 573 3511 gell.
594 3416 718 3488 Caroli
746 3414 895 3514 Magni,
932 3413 993 3487 ubi

230 3536 390 3591 veterum
438 3517 651 3590 Francorum
690 3515 893 3590 vestimenta
934 3515 995 3588 dc-

230 3616 375 3687 scribit.
416 3620 523 3706 Erae,
550 3616 691 3715 inquit,
717 3620 918 3714 antiquorum
942 3642 994 3687 or·

229 3734 327 3786 natus
352 3714 408 3782 vel
432 3736 586 3808 paratura
626 3724 842 3801 Francorum,
879 3721 994 3792 calcia·

227 3835 335 3888 menta
358 3813 688 3907 forinsecarum,
726 3823 869 3920 corrigiis
895 3823 993 3893 tricu-

227 3916 385 3994 bitalibus
424 3917 603 4014 insignita.
652 3924 818 4014 fasciolae
857 3923 993 3994 crurales
1021 3922 1025 4003 l

226 4020 477 4105 vermiculatae,
518 4016 575 4092 (θ’
586 4020 700 4107 juleus
723 4046 776 4090 eas
801 4022 932 4092 tibialia
957 4049 994 4092 uc
1021 4006 1024 4046 ³

227 4120 352 4204 coxalia
376 4116 464 4186 linea
476 4166 486 4197 ,
513 4117 661 4210 quamvis
685 4147 723 4190 en
746 4123 851 4191 eodem
876 4123 991 4200 colore,
1034 4101 1063 4170 E

228 4247 334 4300 namen
360 4217 607 4313 artr'firiolffimo
637 4222 903 4314 operaturum,
935 4223 993 4314 su·

224 4349 385 4423 per-quae
411 4324 455 4393 (7
482 4323 644 4415 fasciolas
678 4325 713 4396 in
740 4326 837 4398 cruris
865 4335 989 4397 modum

226 4427 412 4516 intrinsecus
437 4423 485 4502 (θ’
510 4426 723 4517 extrinsecus,
758 4451 833 4501 anre
867 4448 916 4505 (γ’
941 4455 990 4498 re-

225 4548 299 4619 tro,
340 4528 532 4623 longiffimae
571 4528 649 4599 illae
687 4531 838 4623 corrigiae
880 4537 990 4600 rende-

227 4634 364 4705 bantur.
394 4632 516 4699 Deinde
539 4629 668 4715 camilia
699 4631 877 4726 glizzina·
917 4630 991 4719 Poll

226 4735 300 4806 baec
334 4728 480 4806 baltheus
522 4730 631 4823 [patae
666 4733 856 4828 colligatus.
896 4740 989 4827 Quae

221 4832 318 4927 spara
341 4833 442 4929 primi
468 4831 593 4928 vagind
614 4833 731 4930 fagerl,
752 4834 884 4927 secundi
910 4837 990 4905 corio

222 4934 462 5030 qualicumque,
501 4935 592 5004 rerrr'l
617 4937 801 5006 linteamine
825 4935 987 5025 candide]-

216 5029 299 5124 fimo
323 5036 392 5102 cerel
416 5035 605 5131 lucidiffimrl
644 5037 783 5109 roborare
808 5037 856 5109 ira
881 5036 987 5134 cinge-

1095 3307 1209 3399 Jcr'olae
1234 3309 1425 3384 Monachir
1453 3311 1709 3408 permittuntur
1738 3332 1869 3410 proprer

1100 3409 1200 3480 eilias
1234 3408 1451 3501 infirmantes.
1487 3412 1552 3487 Sed
1594 3439 1705 3514 neque
1740 3417 1865 3492 eodem
1903 3474 1906 3482 .

1101 3513 1226 3585 Seculo
1264 3509 1400 3588 Christi
1444 3517 1505 3586 xl.
1533 3515 1716 3589 meliorem
1752 3536 1865 3594 artem

1100 3611 1313 3688 conficiendi
1352 3616 1485 3716 caligas
1519 3617 1733 3719 excogitasse
1757 3621 1868 3698 occi-

1100 3715 1257 3789 dentales
1295 3717 1423 3816 Populi
1461 3717 1645 3794 videntur.
1687 3721 1757 3791 Sub
1792 3723 1867 3798 ini-

1099 3816 1191 3888 tium
1220 3814 1371 3911 ejusdem
1399 3817 1515 3890 Seculi
1540 3817 1684 3892 sanctus
1705 3823 1865 3898 Eremita

1100 3918 1273 4007 Symeon,
1315 3915 1377 4011 qui
1406 3914 1586 3994 miraculis
1614 3922 1725 3995 clarus
1754 3928 1867 4003 Anno

1099 4018 1244 4088 Mxvt.
1272 4013 1393 4091 virere
1413 4016 1535 4103 denir.
1562 4021 1715 4118 sepultus
1736 4025 1774 4097 in
1798 4028 1865 4102 Be·

1100 4114 1361 4192 nedidlinorum
1412 4116 1631 4198 Monallerio
1682 4127 1865 4203 Padollro·

1099 4215 1219 4300 nensr,
1246 4238 1287 4292 ut
1313 4219 1461 4298 habetur
1487 4224 1525 4297 in
1552 4225 1627 4322 ejus
1658 4229 1745 4300 Vita
1773 4230 1864 4312 apud

1101 4320 1357 4399 Mabillonlum
1395 4328 1508 4400 secus.
1544 4330 1609 4398 Vl.
1645 4329 1863 4406 Benedibiin.

1102 4427 1195 4497 Part.
1222 4424 1324 4524 prim.
1359 4453 1435 4525 pag.
1464 4429 1544 4502 161.
1572 4427 1655 4514 dum
1683 4429 1725 4500 ad
1754 4433 1866 4507 Boni-

1100 4523 1229 4601 sacium
1259 4524 1507 4600 Marchionem
1547 4532 1727 4628 pergent,
1777 4533 1866 4608 cali·

1100 4654 1159 4726 gas
1187 4628 1260 4701 suas
1289 4628 1430 4724 pauperi
1459 4625 1562 4701 nudis
1588 4630 1746 4705 cruribus
1761 4682 1774 4716 ,
1814 4635 1865 4710 ri-

1099 4746 1203 4826 gente
1223 4726 1372 4819 hyeme,
1393 4727 1570 4802 incedenti
1591 4730 1760 4808 donavir.
1789 4738 1868 4814 Mi·
1899 4734 1902 4738 ’

1100 4848 1194 4903 ratus
1223 4825 1390 4901 Marchio
1417 4829 1527 4905 sandii
1555 4831 1624 4906 viri
1656 4835 1867 4932 caritatem,

1098 4931 1254 5022 confestim
1288 4932 1370 5000 duas
1407 4932 1560 5004 hircorum
1591 4936 1692 5032 pelles
1731 4941 1844 5034 afferri
1855 4994 1868 5031 ,

1098 5036 1173 5108 inde
1190 5032 1258 5118 stu·
1281 5032 1371 5104 alias
1395 5035 1500 5130 consui
1519 5037 1625 5130 fecie.
1660 5044 1718 5114 Ac
1745 5040 1867 5144 proin·

1623 5200 1628 5209 .
1754 5139 1818 5215 de
