4214 6014
220 342 223 347 ¹
280 391 363 496 ‘rr

557 377 926 468 DISSERTATIO
970 372 1523 475 VrctslntastertMA:
1722 379 1809 492 678

221 497 307 573 baec
334 493 550 593 pollicetur:
579 498 713 584 Citius,
739 523 834 594 quarn
858 517 984 588 potero,
1027 507 1063 580 Α
1109 498 1384 572 PRINClPlum
1427 495 1495 568 ET
1532 489 1669 568 FINir.
1710 491 1753 567 In
1790 491 1871 569 aliie

221 599 417 692 Sereniffimo
450 599 637 696 Imperatori
674 600 774 685 nolim
813 599 985 693 Frederigc

222 700 437 798 Priuisrgirrnr
472 696 719 790 confirmationis
756 702 878 787 velim
903 703 980 770 Mo·

223 821 335 884 netur,
359 803 405 875 ed
425 804 550 873 laudern
570 799 623 880 ὁ*
636 800 734 873 totius
752 801 912 874 Civitatis
929 800 985 872 bo-

222 927 348 985 norem,
383 903 503 994 sarum
531 901 602 988 seire
630 903 748 994 fraude
787 925 985 1000 componere.

222 1001 284 1078 Ad
311 1001 396 1091 baec
415 1001 461 1075 in
487 1029 597 1102 nuper
624 1004 818 1078 memorati
855 1003 985 1080 Disser-

223 1103 362 1179 tatione
388 1103 687 1205 Quinquagesimi
705 1110 851 1182 alteram
870 1103 985 1182 Char·

224 1223 298 1280 tam
338 1205 438 1281 edam
482 1210 592 1281 Anno
631 1207 707 1304 ipso
752 1206 987 1307 conscriptam

222 1307 337 1397 Mense
352 1307 479 1398 surii,
514 1305 582 1381 boc
607 1307 675 1400 est,
714 1329 866 1406 quatuor
905 1325 987 1382 ente

1107 599 1277 673 Nummis
1303 623 1375 671 nnn
1401 596 1534 668 Civitas
1560 593 1678 691 Virgo,
1712 592 1770 668 sed
1812 596 1874 668 Ci-
1972 619 1974 623 “

1104 701 1196 772 viras
1231 700 1375 796 Virginis
1411 695 1564 798 legitur:
1607 711 1714 795 atque
1753 695 1791 773 id
1826 695 1873 781 ai

1106 816 1261 875 mentem
1288 797 1512 874 Senensrum.

1156 906 1313 996 Quartus
1352 918 1535 1002 argenteus
1574 896 1665 999 apud
1704 897 1872 985 eumdem

1105 1001 1344 1086 Cattaneum,
1372 1020 1507 1102 praeter
1532 1004 1566 1074 S.
1589 1000 1629 1074 in
1655 1027 1755 1089 area,
1781 1000 1873 1077 hanc

1106 1105 1319 1204 epigraphen
1364 1105 1476 1201 gerit:
1533 1105 1662 1177 SENA
1705 1103 1872 1180 vtvvs

1105 1210 1310 1281 CIVITAS
1339 1207 1581 1279 VIRGINIS.
1603 1207 1645 1277 ln
1664 1205 1774 1278 altera
1791 1211 1871 1302 pati

1105 1324 1141 1382 te
1159 1308 1277 1381 eadem
1305 1306 1492 1406 inscriptio
1510 1322 1617 1407 atque
1634 1305 1862 1381 antecedens-

223 1405 387 1495 Menses,
415 1407 454 1482 in
473 1433 542 1506 quc
560 1409 767 1484 continetur
778 1410 885 1500 [orma
907 1435 986 1480 erm-
1036 1392 1065 1464 Β
1106 1409 1267 1483 Similem
1310 1413 1508 1484 Nummum
1537 1413 1711 1497 alterum,
1750 1405 1872 1482 diver·

219 1506 408 1600 positionis,
445 1532 501 1601 prr
534 1536 630 1607 quam
668 1511 817 1603 Senenser
849 1511 988 1582 ueniunt

223 1611 270 1698 ad
290 1611 432 1707 gretiam
454 1612 588 1682 Domini
608 1614 828 1705 imperatoris,
855 1613 898 1682 (t
918 1617 986 1682 Rr-

221 1710 276 1806 gir
302 1712 461 1806 Hearigi.
488 1711 543 1785 sbi
570 1710 759 1803 siatutum,
792 1730 832 1787 ut
858 1715 987 1786 Senen-

222 1809 275 1887 sea
302 1811 513 1906 Imperatori
548 1838 590 1886 ac
631 1816 721 1914 Regi
759 1813 927 1901 restituam
952 1838 988 1885 ur

224 1910 382 2009 eefignent
407 1914 513 1985 emnia
536 1915 701 2010 Regalia‚
743 1912 821 2008 jura
856 1916 898 1984 Θ
928 1911 986 2007 ju·

223 2012 444 2105 risdiiiinnem
470 2040 549 2110 qnae
570 2017 731 2111 ‚pertinent
754 2019 802 2089 ad.
819 2015 987 2105 imperium

224 2113 314 2206 infra
338 2114 516 2187 Civitatem
541 2113 589 2192 ψ’
614 2138 725 2198 extra,
762 2117 806 2189 O·
841 2115 987 2188 nomina·

204 2215 285 2299 ‘tim
313 2219 499 2296 Monetam,
525 2215 574 2297 &¹
596 2217 794 2314 pedagium,
812 2216 886 2303 serre
911 2217 987 2288 teir·

1107 1508 1303 1584 laetamen
1331 1509 1486 1601 formae,
1517 1507 1677 1583 adservat
1702 1507 1869 1583 Mutinae

1107 1611 1284 1685 Palladius
1310 1612 1461 1687 Turrim
1480 1611 1538 1685 vir
1559 1607 1718 1710 nobilis;
1745 1608 1870 1707 ibique

1104 1711 1143 1786 in
1186 1711 1389 1786 summitate
1431 1712 1606 1786 scutulum
1652 1709 1871 1811 conspicitur

1105 1839 1185 1887 curn
1215 1814 1367 1910 quodam
1396 1811 1550 1913 insrgni.

1156 1913 1335 2007 Quiniius
1361 1931 1545 2004 argenteus
1571 1911 1610 1984 in
1636 1910 1763 1988 Museo
1784 1914 1872 1988 Bet·
1902 1964 1907 1970 -

1105 2014 1290 2088 tacchinio
1316 2013 1484 2088 Mutinee
1509 2010 1658 2087 existit.
1686 2014 1757 2088 ⁴lbi
1783 2040 1871 2088 con-

1104 2114 1237 2190 suetum
1266 2119 1300 2189 8.
1328 2114 1366 2190 in
1393 2140 1493 2205 areu,
1520 2111 1576 2188 sed
1602 2110 1656 2188 ita
1682 2114 1871 2189 lemnisca-

1103 2236 1203 2307 tum,
1239 2235 1280 2292 ut
1318 2216 1381 2290 vix
1419 2243 1482 2314 pro
1507 2215 1612 2289 litera
1651 2213 1869 2311 accipiatur.

224 2339 342 2405 mm,
369 2342 463 2413 quam
483 2317 586 2408 farne
610 2318 833 2408 consueverunt
857 2318 914 2390 urs
931 2317 987 2406 sa·
1029 2325 1061 2397 C
1104 2319 1303 2418 Epigraphe
1329 2320 1456 2392 SENA
1479 2319 1661 2390 VETVS.
1684 2315 1727 2390 In
1738 2315 1869 2414 postica

222 2413 337 2491 dune.
381 2420 500 2511 Quare
540 2438 621 2494 ante
666 2423 809 2495 Annum
849 2414 987 2493 Christi

222 2518 508 2613 MCLXXXVI.
535 2519 609 2617 jure
633 2518 804 2596 Monetae
824 2515 1005 2595 stueban·‘

222 2633 283 2711 tur
308 2619 492 2694 Senenser.
519 2624 605 2722 Ejus
634 2622 761 2718 Populi
788 2625 986 2711 Nummos,

223 2744 313 2827 quos
339 2719 507 2799 bailenus
525 2722 726 2823 conspicere
742 2722 834 2800 mihi
858 2722 987 2812 licuit,

223 2845 318 2895 nunc
346 2822 504 2911 prosero.
638 2903 641 2907 ,
836 2876 837 2880 =

275 2923 455 2997 Primum
473 2942 675 3025 argenteum
718 2922 872 3024 possideo
898 2949 986 3022 ego.

224 3020 266 3095 In
294 3048 372 3097 area
400 3023 453 3099 ibi
479 3028 636 3101 occurrit
663 3052 771 3102 unum
799 3030 833 3099 S.
857 3043 987 3099 nomen

223 3131 345 3207 Serae,
388 3123 457 3200 live
497 3131 686 3211 Senatum,
723 3125 904 3200 indicans.
943 3121 985 3197 sn

1103 2418 1173 2518 (A)
1201 2417 1377 2494 ALPHA
1398 2419 1465 2492 ΕΤ
1483 2422 1540 2507 O,
1561 2444 1623 2517 pto
1644 2433 1707 2507 Ω,
1724 2426 1867 2514 Omrga.

1153 2525 1278 2609 Sextus
1305 2540 1486 2622 argenteus
1512 2520 1551 2594 in
1577 2519 1700 2593 eodem
1737 2515 1868 2594 Museo

1102 2621 1208 2696 habet
1234 2627 1266 2696 8.
1291 2622 1331 2695 in
1367 2648 1466 2710 area,
1501 2622 1536 2696 St
1571 2617 1611 2694 in
1653 2617 1769 2693 limbo
1794 2621 1867 2695 CI·

1103 2724 1255 2798 VsTAS
1284 2725 1506 2798 leGthS
1525 2724 1654 2796 SENA
1677 2721 1864 2794 VETVS.

1102 2823 1144 2898 In
1171 2823 1300 2922 postica
1326 2821 1512 2923 inscriptio
1546 2819 1671 2897 similis
1707 2819 1865 2896 Tertio.

1103 2922 1248 2998 Istorum
1291 2929 1530 2999 Nummorum
1572 2944 1733 3024 tempore
1777 2918 1867 2997 dest-

1103 3051 1210 3126 goare
1234 3024 1494 3101 difficillimum
1523 3042 1629 3125 puto.

1154 3125 1330 3226 Septimus
1358 3154 1378 3201 e
1404 3124 1546 3202 Schedir
1573 3122 1869 3219 blanchinitnitss

224 3225 341 3298 limbo
378 3225 511 3325 legitur
546 3221 674 3303 SENA
713 3229 901 3302 vaTvs.
943 3228 985 3299 In
1030 3232 1063 3302 D
1103 3231 1266 3302 Veronae
1292 3225 1332 3301 in
1357 3226 1485 3303 Museo
1509 3226 1727 3303 Muselliano
1752 3224 1869 3301 adser-

218 3325 341 3401 arersa
369 3346 465 3427 parte
505 3326 608 3404 Crux
644 3327 768 3402 uisitur
803 3353 883 3401 eum
911 3324 987 3421 epi·

223 3427 354 3526 ptaphe
374 3433 512 3502 ALFA
531 3433 597 3503 ET
616 3426 729 3521 Cli),
748 3426 831 3501 idest
846 3435 985 3522 Omrga.

157 3577 159 3582 ν
275 3527 451 3620 Secundus
496 3549 679 3628 argenteus
727 3529 771 3603 ab
820 3527 986 3603 Huberto

223 3627 486 3728 Benvogliento
512 3632 570 3704 Cl.
597 3634 666 3723 V„
703 3629 789 3703 dum
823 3627 862 3702 in
889 3624 985 3701 vivis

222 3746 320 3819 erat,
345 3729 390 3803 ad
417 3754 475 3804 me
500 3731 643 3813 missua,
672 3753 886 3832 quamquam
913 3752 985 3801 non

222 3828 347 3921 idem,
385 3831 472 3905 adeo
497 3850 616 3907 tumen
644 3828 864 3932 praecedenti
890 3825 986 3903 firni-

180 4029 182 4033 Α
223 3927 367 4012 lit-eli,
395 3949 434 4006 ut
460 3931 553 4007 nibil
580 3933 786 4017 addendum,
810 3930 956 4006 babeam
972 3939 999 4002 τ’

1107 3328 1222 3419 vatis,
1257 3328 1461 3426 depromtur
1500 3326 1589 3404 suit.
1636 3327 1693 3405 Ibi
1732 3329 1867 3405 SENA

1105 3430 1266 3501 VETVS
1291 3432 1336 3502 C.
1362 3432 1604 3502 VIRGINIS.

1153 3526 1312 3603 Oiiavur
1337 3526 1472 3603 ibidem
1498 3527 1682 3616 exfilienr,
1706 3526 1869 3603 eumdem

1104 3625 1373 3727 inscriptionem
1399 3628 1439 3703 in
1465 3629 1583 3703 antica
1616 3625 1784 3703 exbibet.
1823 3627 1870 3704 Iu

1105 3726 1235 3827 posiica
1258 3727 1397 3805 scutum
1424 3754 1505 3805 cum
1530 3727 1747 3832 inignibur,
1787 3727 1871 3830 qui-

1105 3830 1169 3906 bur
1195 3828 1444 3932 superposrtum
1464 3833 1511 3906 G.

1120 4006 1123 4011 .
1156 3935 1284 4008 Nonus
1309 3930 1348 4006 in
1383 3932 1507 4009 eodem
1542 3928 1669 4008 Museo
1708 3926 1869 4007 adserva·

222 4020 287 4108 itti
323 4033 418 4130 quod
452 4034 629 4108 Omicron
666 4061 730 4134 pro
769 4038 906 4132 Omepa
933 4028 986 4103 ibi
1104 4047 1191 4124 tue,
1226 4029 1344 4108 nescio
1370 4032 1412 4108 ad
1439 4058 1630 4133 quamnam
1664 4028 1870 4109 Civitatem

223 4128 394 4235 scriptum
430 4132 504 4220 eli,
546 4152 653 4232 atque
689 4138 757 4206 El)
793 4158 857 4232 pro
896 4134 999 4221 ET,
1031 4129 1258 4233 Elspeiiet.
1293 4137 1387 4209 Eum
1412 4161 1479 4236 ego
1505 4134 1600 4211 iuter
1624 4131 1789 4209 Senensea
1814 4157 1870 4209 rc·

224 4261 269 4310 ⁸¹
295 4260 368 4354 ‘1⁰9
393 4231 570 4334 intelligi,
597 4232 801 4311 vetustatem
828 4234 896 4305 ΕΤ
918 4231 988 4304 irn-
1100 4234 1197 4324 φη,
1210 4260 1216 4268 ,

224 4352 379 4420 mutan,
414 4360 525 4434 quum
564 4362 584 4410 a
624 4332 743 4412 vocali
781 4331 988 4431 subsequens

223 4440 369 4516 verbum
397 4436 586 4516 inchoatur
594 4448 608 4513 .’
651 4446 656 4453 '

275 4537 424 4613 Tertius
450 4566 599 4630 aureus,
626 4535 792 4612 Mutinae
818 4561 838 4609 a
863 4530 989 4627 Josepb

115 4685 117 4689 ·
224 4640 345 4721 Maria
371 4637 551 4716 Cattcneo
576 4637 798 4726 adservatur,
830 4635 925 4708 idem
955 4637 989 4707 S.

217 4745 266 4841 3in
293 4767 372 4817 area
398 4738 571 4839 pmesert,
605 4766 684 4814 cum
712 4733 828 4821 literis
854 4737 893 4811 in
921 4734 990 4808 cir-

226 4843 329 4921 cuitu
354 4842 552 4919 CIVITAs
582 4843 741 4914 VIRGO
758 4841 887 4912 SENA
908 4839 990 4908 VE-

228 4942 344 5023 TVS.
371 4947 413 5016 ln
440 4939 557 5017 eversa
583 4959 681 5038 parte
706 4938 810 5016 Crux
835 4963 915 5012 cum
942 4936 991 5010 li-

227 5044 313 5124 teris
340 5044 520 5119 ALPHA
553 5044 621 5118 ΕΤ
660 5043 695 5116 0
732 5041 821 5143 (pto
843 5039 990 5137 omega)

330 5153 420 5225 Tem.
445 5147 484 5220 V.

1104 4332 1126 4407 d
1172 4331 1200 4405 t·
1223 4233 1495 4408 puopinfigpia
1518 4256 1697 4406 tperquam
1726 4257 1866 4334 praece·

1128 4356 1436 4545 ‘liiuuiirmiirteiit
1451 4359 1596 4510 ‘binii
1616 4431 1711 4510 facio
1736 4430 1781 4509 de
1807 4436 1868 4510 Se·

1104 4533 1198 4610 nensr
1225 4533 1350 4629 Urbe,
1377 4561 1482 4634 quam
1508 4535 1687 4637 Civitatem
1724 4535 1869 4634 Virginis
1898 4584 1912 4597 -

1103 4636 1318 4754 appellatam
1347 4637 1531 4764 vitinus,
1556 4632 1779 4757 intuentem
1805 4661 1869 4713 ve-

1103 4735 1540 4935 iilriiiifiiiiiiii‘
1557 4737 1871 4916 sll‘i‘bil

1095 4939 1191 5035 suurn
1214 4935 1328 5032 diraffe
1361 4941 1515 5023 Dianae,
1549 4942 1602 5018 ita
1643 4955 1684 5015 ut
1722 4934 1868 5018 Civitas

1103 5039 1168 5113 illa
1194 5039 1342 5116 eraserit
1366 5042 1500 5117 civim
1524 5043 1673 5122 Dicere,

1102 5143 1139 5213 Τ
1165 5157 1181 5213 t
1715 5145 1815 5219 „sz-
