4214 6014
288 247 398 446 343,
552 320 1000 459 ANTIQUJT.
1048 321 1305 413 MEDll
1346 324 1588 413 ΑΕΗ·
1722 362 1806 446 344

225 468 289 523 aut
332 468 512 541 nunquam
554 438 794 542 interruptum
835 468 990 540 atrtpue·
1015 468 1065 536 <A
1102 441 1180 542 ipsts
1207 442 1426 541 temporibus
1444 440 1597 543 ejusdem
1619 449 1781 524 Lucenlts
1803 478 1863 549 pe-

222 575 287 629 te,
326 565 390 621 aut
424 543 559 646 jamdiu
595 543 795 618 obsoletum
831 544 988 620 restitue·

219 666 329 724 runt.
365 651 407 721 In
441 643 591 722 Chattis
628 646 800 721 Romanis
835 666 917 721 ante
948 675 989 722 ea

220 768 383 850 tempora
406 767 649 823 memorantur
668 755 787 824 Librae
802 751 896 831 aori,
922 756 987 822 De-

145 879 149 890 ·
221 853 311 939 narii
335 853 537 953 Papianses,
576 857 751 947 Lucenses.
787 857 904 928 Immo
940 853 987 926 iis

1101 543 1225 640 cuniae
1251 545 1388 619 mentio
1413 548 1569 622 occurrit
1591 548 1629 621 in
1657 549 1778 641 Urbe,
1805 553 1862 629 uti

1100 643 1205 719 fidem
1234 644 1340 720 faciet
1359 645 1514 730 Chatta,
1540 676 1645 748 quam
1673 679 1716 726 ex
1745 650 1862 728 Codi-

1100 775 1139 823 ce
1163 753 1273 822 MSto
1298 745 1431 823 Cencii
1455 747 1654 828 Camerarii
1681 753 1862 856 descripsi.

337 1096 403 1183 Ds
434 1090 677 1181 stazano&
708 1101 881 1182 Mssano
910 1027 1065 1210 pignori
1096 1090 1282 1206 obligatis
1312 1088 1498 1204 Eugenio
1527 1098 1602 1179 111.
1632 1045 1754 1214 Papae
1881 1038 1883 1042 Α

446 1211 694 1298 aRainetio
725 1215 888 1302 Gitardi
920 1213 1096 1299 Comitis
1128 1212 1239 1320 filio,
1277 1243 1348 1329 pto
1378 1214 1639 1328 qnadraginta

500 1329 650 1419 duabus
680 1332 813 1422 Libris
844 1333 1025 1419 Lucenfis
1057 1336 1270 1418 Monetae.
1301 1336 1426 1417 Anno
1461 1363 1585 1446 ¹¹47·

265 1568 304 1638 N
324 1565 449 1641 nemine
469 1566 614 1642 sanctae
627 1567 889 1650 &individuae
907 1568 984 1639 Tri·
1026 1569 1155 1647 B'vel
1178 1566 1289 1656 veslrit
1316 1565 1493 1640 Catholicis
1525 1561 1748 1663 Successatihut
1777 1569 1865 1661 secc-
1934 1578 1937 1585 '

290 1670 438 1746 nitatis.
474 1680 578 1745 Area
613 1672 797 1745 Dominicae
832 1678 982 1744 lucarna-

213 1770 314 1841 tionis
341 1771 521 1856 Millesimo
556 1773 730 1855 Centefitno
764 1771 983 1867 Quadrageli-

214 1894 266 1944 tna
290 1870 433 1970 Septima
446 1920 460 1953 ‚
486 1869 667 1944 ladillt‘one
693 1878 753 1947 Xl.
781 1875 894 1960 Mense
912 1879 982 1964 Ju-

219 1969 273 2043 nii
288 2024 300 2060 ,
335 1971 389 2044 ulit
417 1975 463 2046 ll.
490 1973 681 2070 temporibus
717 1975 851 2048 Deretini
877 1979 984 2072 Euge-

215 2070 268 2144 aia·
308 2076 371 2147 lll.
411 2079 545 2170 Papae.
586 2078 781 2169 Manifestus
815 2077 890 2169 sunt
931 2104 988 2175 ego

217 2173 408 2251 Rainetius
456 2176 601 2253 Gitatdi
650 2178 810 2255 Comitis
856 2178 985 2270 filius,

214 2279 301 2372 quod
339 2277 433 2354 vobis
472 2280 635 2356 Domino
674 2308 755 2358 mco
796 2282 985 2383 Eugenio,

213 2378 281 2452 Dei
304 2383 419 2478 gratih
455 2380 593 2457 summo
624 2383 795 2460 Pontifici
822 2384 870 2464 &
895 2390 983 2458 San-

216 2476 288 2551 liao
328 2491 497 2556 Romanae
528 2484 712 2577 Ecclesiae,
749 2509 807 2577 pro
842 2487 982 2581 quadra·
1023 2497 1059 2573 C

211 2579 311 2679 ginta
335 2584 459 2659 cattas
486 2585 609 2660 Libris
639 2586 875 2662 Denariotum
908 2589 982 2660 Lu-

215 2682 396 2768 tsnfium,
436 2714 515 2781 quas
555 2689 804 2781 negotiatoribus
842 2685 983 2774 ahstuli,

215 2810 278 2873 tu,
314 2813 395 2877 quae
428 2789 463 2853 in
498 2789 669 2874 Planzano
695 2789 739 2853 δ’
765 2787 801 2852 in
828 2785 984 2853 Maitona

216 2884 279 2958 enei
301 2883 386 2972 juris
410 2886 506 2954 hahet
525 2884 611 2953 intus
632 2885 688 2953 vel
707 2883 810 2972 soris,
833 2880 906 2976 jure
930 2885 983 2976 pi·

210 2985 323 3082 gaoris
353 2982 484 3079 obligo,
519 3011 587 3056 cum
623 2987 807 3060 introitibus
841 2984 887 3067 t&
915 2989 982 3058 exi·

216 3084 329 3176 tibus,
356 3087 542 3182 illorumque
567 3089 787 3162 utilitatibus.
823 3090 902 3159 Tali
927 3091 980 3159 vi·

212 3188 328 3258 delicet
359 3185 475 3280 palio,
513 3211 550 3256 ut
572 3187 646 3270 fia
681 3191 840 3278 praesenti
864 3190 918 3259 die
944 3216 980 3258 u·

205 3288 286 3384 sque
312 3291 357 3359 ad
384 3288 605 3361 Nativitatem
634 3290 768 3361 Domini
791 3290 983 3380 praesentem

1099 1673 1224 1758 rimus,
1265 1670 1399 1764 duplum
1438 1690 1609 1765 componere
1648 1671 1864 1761 promittimus

1099 1800 1180 1870 ego,
1206 1772 1261 1842 vel
1286 1771 1348 1841 mei
1373 1773 1495 1842 heredes
1521 1771 1640 1852 vohis,
1670 1772 1725 1841 vel
1749 1773 1868 1859 veslris

1100 1874 1273 1947 Catholicis
1299 1869 1540 1967 Successorihus.
1566 1879 1592 1943 S
1594 1873 1628 1943 in
1653 1895 1758 1947 autern
1783 1899 1863 1969 ego,

1100 1978 1156 2048 vel
1182 1976 1243 2048 mci
1268 1976 1390 2047 heredes
1415 1974 1664 2060 testamentarii,
1699 1976 1756 2046 vel
1779 1976 1866 2070 legi⁴

1101 2080 1196 2160 timi,
1229 2075 1322 2149 vohis
1358 2078 1413 2148 vel
1447 2076 1557 2163 vesicis
1584 2077 1754 2149 Catholicis
1782 2081 1864 2148 Suc-

1101 2177 1260 2275 cessoribus
1290 2178 1513 2275 supradillam
1546 2180 1712 2274 pecuniam
1741 2179 1867 2270 solvere

1098 2283 1209 2378 parati
1242 2281 1386 2369 erimus,
1422 2279 1470 2358 &
1504 2285 1639 2377 accipere
1672 2281 1865 2362 nolueritis,

1101 2385 1205 2467 noslrh
1230 2381 1419 2454 aur‘loritatc
1440 2385 1474 2451 itt
1498 2380 1695 2476 supradillis
1717 2381 1868 2479 pignori-

1099 2483 1158 2555 bus
1184 2484 1310 2580 ingredi
1336 2484 1424 2556 nohis
1444 2482 1490 2567 fit
1517 2485 1665 2557 licitum.

1150 2591 1192 2674 ’i‘
1220 2593 1247 2656 S
1248 2588 1356 2679 ignum
1376 2612 1487 2656 manus
1508 2585 1680 2672 Rainerii,
1705 2584 1763 2678 qui
1779 2584 1864 2656 hatte
1926 2610 1930 2617 ·

1096 2688 1286 2756 Chartulam
1309 2685 1439 2768 scrihere
1465 2685 1618 2772 rogavit.
1650 2720 1657 2727 ·

1146 2783 1250 2876 Signa
1276 2807 1425 2850 manuum
1453 2780 1618 2851 Senehalli
1643 2783 1793 2853 Ruhetti
1809 2781 1864 2874 fi-

1097 2883 1164 2973 lii,
1194 2885 1237 2953 (θ’
1266 2883 1457 2952 Vicecomitis
1488 2883 1669 2964 Vetrallae,
1706 2880 1754 2962 (γ’
1790 2890 1865 2955 Fu.

1090 2986 1193 3075 sconis
1218 2985 1330 3056 Pontii
1352 2982 1443 3074 filii,
1471 2986 1516 3054 (9·
1541 2985 1705 3054 Warnerit'
1730 2987 1768 3055 de
1793 2987 1863 3056 Bi-

1095 3087 1217 3175 terhio‚
1244 3088 1403 3158 Gnidonis
1429 3085 1592 3156 Rallandi
1607 3083 1708 3176 filii:
1731 3089 1787 3183 qui
1810 3114 1864 3158 ta·

1091 3188 1167 3282 gati
1188 3189 1265 3274 sunt
1292 3186 1404 3270 telles.

1148 3294 1220 3383 Ego
1232 3281 1345 3359 Petrus
1356 3289 1468 3378 Judex
1489 3288 1648 3359 Vetrcllce
1661 3291 1743 3359 hanc
1755 3289 1865 3362 Chat·

201 3416 269 3488 *ego
294 3393 349 3463 vel
374 3390 435 3459 mci
461 3392 611 3475 heredes,
637 3397 691 3464 vel
710 3390 744 3476 fi
762 3391 834 3476 fine
858 3393 978 3464 heredi·
1025 3403 1060 3472 D
1095 3413 1164 3464 tam
1188 3389 1332 3484 pignoris
1351 3389 1464 3482 scripsi
1489 3412 1582 3487 atque
1608 3391 1789 3485 complevi.

113 3558 119 3574 ,
214 3489 464 3587 intimassent,
491 3498 697 3586 Tancredus,
732 3496 788 3567 vel
817 3495 871 3588 sui
895 3499 983 3567 here·

130 3649 133 3655 -
211 3598 293 3676 des,
331 3599 387 3666 vel
419 3594 454 3676 fi
486 3595 558 3682 fine
596 3599 758 3670 heredibus
798 3595 981 3693 decesserit,

210 3696 386 3790 offleducii
403 3695 499 3786 filii,
525 3704 581 3770 vel
608 3701 735 3774 illorum
754 3703 901 3784 heredes,
924 3703 981 3791 su-

207 3794 372 3894 ptadilles
394 3798 548 3870 Denatios
568 3829 628 3872 non
649 3805 877 3877 reddiderimus
887 3831 908 3889 ;
923 3804 980 3892 su·

197 3897 358 3991 ‚pradilia
378 3901 514 3998 pignora
534 3905 701 3988 habeatis,
729 3906 898 3998 iisdemque
922 3926 980 3990 pru

208 4000 295 4070 atelle
332 3998 519 4082 fruamini,
561 4005 715 4094 quousque
758 3999 978 4087 supradillam

206 4094 373 4194 pecuniam
398 4120 454 4189 ego
478 4096 534 4163 vel
562 4099 623 4167 mei
649 4110 774 4168 heredes
808 4100 973 4183 taliamen-

209 4195 316 4276 earii,
353 4195 408 4267 vel
435 4194 582 4290 legitimi
611 4197 796 4285 soleamus.
830 4199 872 4273 tr·
899 4206 975 4271 veri

211 4301 257 4376 acl
280 4294 479 4396 praedillam
497 4299 582 4370 diem
603 4302 804 4374 Natiuitatis
824 4329 884 4373 non
906 4305 978 4373 red-

210 4402 407 4485 diderimus,
429 4397 652 4504 stnllnntnquc
674 4406 846 4498 molestiam
863 4407 978 4490 uthis,

1148 3491 1265 3590 Atqui
1293 3490 1437 3564 circites
1463 3490 1536 3591 ipsa
1564 3507 1724 3588 tempora
1754 3491 1793 3566 in
1819 3519 1864 3568 u·

1097 3596 1133 3670 su
1161 3597 1227 3669 elle
1254 3594 1374 3693 coepit
1400 3593 1576 3690 (coepit,
1604 3595 1771 3693 inquam,
1798 3620 1863 3669 ne-

1096 3727 1164 3796 que
1191 3698 1287 3772 enim
1313 3716 1415 3769 antea
1443 3695 1545 3768 illius
1563 3698 1782 3770 mentionem
1802 3695 1862 3770 in·

1096 3801 1234 3896 venio)
1274 3799 1528 3888 Affertiatarum
1568 3798 1754 3898 pecunia;
1794 3798 1860 3896 qui

1095 3925 1247 3994 nempe,
1289 3895 1357 3967 five
1399 3896 1534 3976 Soliti,
1575 3895 1645 3970 stve
1689 3900 1861 3994 Denatii,

1094 3997 1241 4069 videant
1267 3994 1433 4081 frudini,
1471 3995 1602 4072 cufi-ne
1637 3999 1769 4075 fuerint
1795 4030 1859 4076 an.

1093 4114 1170 4176 tea,
1198 4123 1240 4169 an
1262 4097 1305 4169 ab
1324 4095 1402 4196 ipso
1423 4103 1556 4175 Romae
1575 4106 1725 4179 Senatu.
1745 4108 1860 4176 Com·

1093 4217 1324 4273 memoratam
1353 4200 1517 4297 conspice
1541 4203 1577 4276 in
1609 4207 1721 4280 tribus
1742 4204 1857 4277 Char-

1093 4301 1168 4391 tis‚
1211 4330 1254 4376 ex
1290 4303 1412 4376 eodem
1453 4306 1598 4406 Regelio
1635 4304 1858 4405 depromis,

1092 4404 1266 4506 ejusmodi
1291 4405 1498 4511 pecuniam..
