4214 6014
204 367 373 530 „fige
397 450 490 528 mm
520 333 743 530 deliniti
777 456 791 529 r
827 334 975 530 Ἡ
1004 335 1283 529 ΑΜΕΝ]
1324 339 1522 429 aaut

204 580 294 629 nus.
320 554 355 629 Is
380 580 545 629 nummus
572 556 619 632 est
644 555 777 631 sormae
804 558 966 658 aliquan·

203 658 321 731 tulum
348 654 545 748 concavae,
571 660 726 735 laminae
745 665 829 735 verb
856 660 967 737 subti-

201 755 269 833 lis.
306 763 348 831 ln
375 785 453 833 area
489 758 621 859 legitur
655 766 772 836 Mono
796 789 966 840 rammate

201 859 397 957 expteffum
421 887 550 935 nomen
568 866 737 956 OTTO,
824 865 862 941 in
883 867 966 942 lim·

202 959 249 1041 bo
276 962 599 1040 IMPERATOR.
628 970 669 1039 ln
697 994 850 1042 concava
878 967 967 1048 facie

199 1064 322 1137 AVG.
349 1069 393 1155 ᾧ
423 1067 767 1158 MEDIOLANIV.
794 1070 900 1146 Alibi
927 1103 967 1149 o·

195 1161 334 1256 flendi,
370 1166 525 1261 saeculis
552 1168 765 1262 barbaricis,
791 1173 907 1248 immo
932 1178 968 1250 &

199 1284 330 1357 antea,
353 1268 552 1342 Mediolanii
572 1274 767 1355 nomentin
794 1276 855 1351 usu
883 1277 968 1354 fuis-

1698 374 1788 461 404

1084 456 1147 530 tell
1173 459 1214 531 ad
1241 458 1436 533 Secundum
1474 459 1570 535 intct
1596 466 1729 564 Reges,
1767 465 1845 542 Pri·

1079 585 1181 634 mum
1210 559 1323 657 pollea
1348 561 1444 635 inter
1468 562 1644 663 Augustos
1653 614 1669 648 ,
1692 566 1732 640 in
1744 564 1845 643 'Cae-

1083 663 1192 735 litum
1221 662 1302 733 albo
1329 661 1524 759 scriptum.

1136 761 1306 836 Decimus
1333 764 1424 861 apud
1451 790 1507 838 me
1533 765 1691 842 exsistens
1706 818 1718 852 ,
1754 767 1845 844 rese·

1083 865 1209 939 rendus
1231 861 1370 938 sortasse
1389 864 1431 937 ad
1453 869 1622 939 Herrieum
1641 870 1735 944 inter
1754 875 1846 946 Ger·

1083 968 1221 1040 maniae
1258 970 1370 1067 Reges
1405 969 1608 1065 deprimam,
1642 972 1677 1041 ἃ
1713 979 1846 1043 Sextum

1082 1067 1178 1143 inter
1204 1069 1330 1143 Italiae
1368 1073 1478 1169 Reges
1515 1096 1555 1144 ac
1589 1068 1847 1169 Imperatores,

1082 1170 1226 1245 circiter
1265 1174 1414 1245 Annum
1455 1169 1590 1246 Christi
1636 1175 1847 1247 Mcccxt.

1082 1270 1173 1347 hanc
1204 1272 1419 1372 epigraphen
1451 1273 1554 1372 ‘gerit
1589 1276 1847 1348 Herculeus

197 1360 256 1442 le.
284 1368 384 1444 Duos
404 1370 517 1467 postea
537 1371 667 1451 similes
687 1381 892 1454 nummulos
912 1408 966 1454 ae·
1009 1364 1037 1436 Β
1084 1377 1179 1447 REX
1208 1374 1268 1470 (ir
1296 1374 1452 1447 nondum
1488 1374 1674 1473 imperiali
1701 1372 1848 1451 Coroni

197 1486 345 1642 gentem
372 1469 449 1546 ridi
475 1475 567 1575 apud
595 1475 694 1579 saepe
721 1481 902 1557 laudatum
925 1485 964 1554 P.

237 1620 248 1641 .
268 1572 513 1651 Alexandrum
533 1577 792 1680 Chiappinium
821 1584 962 1655 Placen·

197 1668 294 1763 tiae,
323 1670 363 1750 &
393 1701 501 1752 unum
537 1705 679 1778 quoque
706 1682 796 1778 apud
833 1683 965 1771 Johan·

200 1795 285 1844 nem
323 1776 546 1851 franciscum
582 1778 625 1851 de
660 1781 753 1856 solis
786 1787 815 1872 J.
844 1789 889 1857 U.
918 1789 962 1861 D.

197 1892 367 1970 nepotem
394 1900 511 1949 meum
547 1879 741 1956 Mutinae.
775 1887 964 1961 Concavos

197 1970 277 2049 dixi
306 1971 409 2048 hosce
437 1980 617 2054 Nummos
652 1978 798 2059 infimae
825 1989 961 2088 magni·
1010 2058 1013 2063 .

196 2072 336 2179 tudinis
361 2080 581 2157 Ottolenos.
619 2086 746 2185 Neque
782 2092 964 2192 peregrina

198 2199 323 2305 eorunp
350 2175 485 2255 forma:
526 2209 607 2258 nam
633 2185 668 2258 re
696 2189 842 2265 Graecis
869 2191 965 2269 fuere

195 2279 311 2351 cauria
331 2283 483 2358 Nummi
512 2295 637 2372 kemla,
656 2286 845 2389 dequibus
866 2322 963 2371 men·
1007 2269 1039 2340 C

194 2374 256 2454 tin
294 2379 341 2456 eli
380 2384 419 2458 in
464 2390 619 2468 Novella
655 2395 734 2467 CV.
777 2397 962 2487 Iustiniani

196 2474 289 2580 Cap.
319 2508 353 2557 a.
391 2485 442 2560 ita
478 2494 670 2590 appellati,
707 2499 801 2593 quod
836 2502 964 2584 Carrei,

195 2577 257 2656 seu
283 2590 418 2659 Paterae
454 2586 601 2693 liguram
615 2596 822 2691 referrent,
857 2623 964 2702 atque

196 2682 286 2759 adeo
313 2690 488 2768 concavi.
525 2698 691 2783 Erusdem
727 2701 864 2791 generis
900 2706 961 2778 do·

195 2780 370 2865 alffinus
400 2795 635 2895 Du·Cangius
668 2796 768 2870 sulll'e
797 2803 963 2895 opinatur

195 2887 372 2993 ,scypbnrrs
406 2913 552 2976 aurens,
586 2896 680 2993 quod
717 2923 843 2991 nempe
879 2905 962 2995 Scy-

193 2981 261 3084 phi
288 2984 439 3063 sormam
466 2990 712 3075 imitarentur.
731 2995 912 3084 Consule,
939 3001 961 3075 fi

195 3086 320 3180 lubet,
351 3092 641 3173 Dissertationem
668 3099 962 3198 subsequentem.

250 3181 408 3266 Oblarus
437 3200 615 3272 Nummus
641 3218 846 3295 argenteus.
875 3201 959 3274 Mu:
999 3237 1001 3246 ¹

196 3291 297 3366 tinae
322 3292 414 3390 apud
441 3293 666 3375 Matthaeum
698 3299 959 3377 Pellicciarium

197 3389 382 3475 exsiliens,
410 3392 584 3475 incertum
611 3404 681 3484 cll,
706 3429 893 3504 quemnam
917 3433 961 3479 ex

194 3496 347 3604 ilenricir
373 3500 542 3598 Auguslis
569 3503 730 3582 indicet..
765 3508 833 3583 ,Sex
864 3508 959 3580 eninr

194 3595 353 3775 {jusdem
377 3601 539 3697 nominis
571 3604 697 3728 ltaliae
733 3609 893 3729 llegnum
922 3634 962 3682 ac

195 3709 657 3884 nibf'¹lis{i”i‘ioib.¹
683 3711 960 3890 lllllil.

195 3900 288 3978 faeie
315 3909 696 3989 MEDIOLANVM.
724 3963 732 3988 .

1066 1475 1255 1572 donatus)
1282 1499 1361 1548 cum
1390 1471 1508 1548 Cruce
1534 1474 1573 1547 in
1600 1500 1697 1548 area.
1724 1476 1766 1548 In
1792 1478 1848 1549 al-

1080 1595 1152 1651 teta
1193 1574 1284 1649 facie
1325 1573 1460 1674 efligies
1501 1574 1621 1650 Sandii
1663 1575 1846 1652 Ambrofii

1080 1677 1229 1752 sedentis
1257 1676 1356 1765 super
1382 1677 1608 1770 cathedram,
1643 1701 1725 1750 cum
1760 1677 1846 1753 lite·

1078 1783 1127 1856 tis
1152 1781 1539 1854 MEDIOLANVM.

1133 1880 1351 1954 Undecimus
1378 1879 1583 1954 Mediolani
1620 1878 1711 1973 apud
1747 1905 1847 1978 prae·

1080 1985 1262 2057 laudatum
1282 1981 1548 2056 “Marchionem
1586 1979 1849 2074 Trirultium,

1043 2093 1044 2096 ’
1080 2088 1113 2159 &
1152 2083 1320 2157 Mutinae
1356 2083 1393 2157 in
1430 2083 1558 2159 Museo
1594 2081 1850 2156 Bertacchinin

1081 2186 1307 2274 adsentatus,
1347 2188 1546 2259 fridericum
1581 2190 1608 2259 l.
1637 2185 1844 2282 vImperato-

1081 2315 1152 2362 rem
1200 2288 1343 2362 circiter
1384 2295 1530 2364 Annum
1571 2285 1706 2361 Christi
1750 2288 1848 2360 MC·

1082 2395 1268 2468 Lxxxv.
1295 2389 1469 2484 defipnat.
1506 2389 1562 2463 lbi
1597 2389 1681 2461 haec
1707 2387 1846 2486 epigra-

1081 2495 1149 2591 phe
1177 2496 1494 2574 Futuautcvs,
1529 2494 1573 2565 δι’
1601 2491 1639 2563 in
1666 2517 1742 2563 area
1772 2493 1788 2561 1
1818 2490 1850 2561 Ρ

1083 2603 1112 2671 R
1141 2600 1187 2668 T.
1215 2594 1301 2666 idest
1328 2600 1519 2685 smperaror.
1551 2592 1591 2665 ln
1619 2590 1740 2663 aversa
1765 2615 1846 2680 par-

1081 2719 1116 2772 te
1144 2695 1520 2767 MEDlOLANVM.
1550 2694 1696 2761 Norunt
1715 2687 1847 2760 Erudi-

1079 2794 1137 2881 ti,
1174 2817 1213 2864 ac
1244 2792 1427 2886 praecipue
1464 2789 1502 2862 in
1529 2789 1679 2862 ononis
1714 2786 1849 2861 Priliu-

1079 2892 1215 2993 genlis,
1246 2891 1440 2978 Radevici,
1476 2917 1516 2963 ac
1542 2889 1691 2964 Ottonir
1717 2887 1845 2964 More-

1079 3022 1144 3069 nae
1174 2990 1508 3075 Historil‘rersatb
1534 3013 1668 3088 quanto
1694 2991 1783 3064 odio
1803 2990 1847 3064 in

1080 3095 1383 3169 Mediolanensem
1427 3095 1599 3189 Populum
1636 3119 1655 3165 a
1697 3090 1749 3164 sui
1790 3089 1846 3165 al-

1078 3194 1257 3268 sumtione
1283 3190 1482 3265 Frideeicne
1521 3197 1549 3263 l.
1574 3191 1764 3272 exarserit,
1800 3190 1845 3269 δι

1079 3316 1167 3396 quot
1194 3296 1297 3368 bellir
1328 3290 1584 3367 nobilissimam
1612 3290 1738 3365 deinde
1766 3291 1847 3366 Ur-

1079 3401 1158 3472 bem
1186 3396 1386 3479 ineesserit,
1419 3421 1525 3493 quam
1562 3396 1706 3470 demum
1743 3393 1848 3468 sube-

1066 3498 1173 3579 ,llum
1219 3505 1330 3572 Anno
1379 3499 1576 3571 MCLllll.
1615 3495 1845 3591 lacrymabili

1053 3606 1055 3611 ’
1078 3600 1224 3676 excidio
1248 3598 1445 3675 subvertit.
1476 3601 1578 3672 -lntet
1600 3600 1736 3696 reliqua
1766 3623 1844 3671 rna-

1080 3706 1145 3787 la,
1178 3729 1267 3802 qnae
1302 3704 1332 3777 ir
1360 3699 1681 3775 Mediolanensibus
1711 3697 1843 3774 inferre

1080 3827 1226 3879 conatus
1251 3802 1320 3889 cll,
1357 3807 1466 3875 Anno
1493 3804 1654 3876 Mem.
1680 3827 1739 3875 ees
1767 3801 1843 3898 jure

1079 3911 1232 3977 Morem
1249 3903 1427 4002 privavit,
1452 3922 1562 4000 atque
1577 3901 1671 3975 illud
1694 3903 1732 3976 in
1752 3906 1841 3976 Cte-

250 4009 378 4079 Nonur
399 4006 437 4078 in
456 4007 585 4083 Museo
605 4010 856 4084 Bertacchinio
874 4016 959 4085 Mu·
1002 4001 1053 4128 E'
1078 4005 1258 4079 mouenler
1286 4004 1479 4079 transtu-lit.
1507 4003 1683 4102 Campius
1709 4007 1747 4077 in
1768 4003 1842 4078 Hi·

195 4100 297 4197 'tinae
332 4103 555 4193 adservatur,
593 4131 775 4209 argenteus
810 4109 880 4183 ell.
919 4111 959 4184 ln
994 4173 997 4180 .

196 4207 320 4285 antica
350 4207 501 4304 praefert
535 4207 692 4287 Crucem
728 4237 808 4287 cnm
846 4210 960 4287 literis

198 4304 458 4412 ¹eitcnmpnfitis
485 4315 741 4392 HENRlCVS
768 4319 890 4390 REX.
921 4315 961 4389 ln
994 4310 997 4315 ’

195 4411 329 4515 'pollice
370 4419 764 4513 MEDIOLANVM.
809 4418 962 4491 sortah'e

196 4516 382 4612 Nummus
407 4521 561 4617 pertinet
586 4519 635 4594 ad
666 4524 841 4594 Henrr‘ernr
867 4521 962 4595 incer

194 4619 314 4725 Reges
337 4629 527 4720 Quartum,
559 4623 624 4723 qui
648 4623 711 4728 diu
739 4622 844 4727 Regis
872 4622 961 4698 titu-

198 4722 963 4832 uuumsnfflmmauw

1051 4106 1156 4182 lter.
1179 4102 1352 4182 Cremon.
1377 4105 1552 4202 ejusmodi
1576 4107 1757 4182 decretum·
1778 4103 1838 4177 in·

1050 4228 1228 4305 ¹eruerat:
1264 4237 1333 4309 egri
1365 4214 1453 4283 verb
1485 4210 1648 4284 illudere
1675 4202 1841 4280 Archivo
1959 4294 1962 4311 Ι

1050 4311 1313 4399 :Reipublicae
1361 4309 1612 4387 Cremonensis
1657 4307 1840 4405 integrum

1076 4409 1266 4503 descript.
1303 4414 1367 4488 nbi
1401 4411 1634 4509 pervetustum
1658 4406 1763 4481 illiue
1795 4434 1835 4482 e-

1076 4519 1258 4596 xemplum
1285 4515 1510 4607 adservatur,
1537 4531 1643 4616 aque
1668 4508 1709 4586 ln
1734 4535 1838 4611 prae·

1051 4616 1190 4697 'sentia
1214 4617 1351 4695 editura
1375 4640 1441 4691 eu.

1662 5119 1790 5201 fride-
