4214 6014
301 379 382 464 333

569 339 938 430 Dissertatio
979 332 1528 451 VIGESIMASEPTIMA.

1734 369 1820 456 534

239 464 349 554 sium,
376 479 437 539 aut
463 459 595 557 sacrum
625 466 864 537 Lauretanum
892 462 1002 531 Tem·
1034 461 1072 528 Α
1108 461 1163 535 lae
1189 462 1307 534 locum
1327 457 1517 538 invenere,
1542 480 1656 555 neque
1677 457 1770 533 aeta
1790 488 1877 562 apo·

240 573 338 668 plum
368 583 551 662 peterent,
578 567 725 639 domum
755 562 852 661 saepe
878 558 1002 636 resere-

241 670 325 744 bant
352 666 579 742 Anconitana
619 661 873 753 Numismata,
908 662 1003 761 quod

237 770 404 846 Sandlum
431 770 652 863 Cyriacum‚
693 764 750 838 seu
791 764 1002 858 Quiriacurn

239 874 493 946 arbitrarentur
520 866 691 969 peculiari
714 869 847 941 virture
867 868 1002 966 praedi·

237 992 314 1049 tum
343 975 386 1047 ad
414 991 550 1046 certum
577 968 715 1068 aliquid
741 995 761 1044 a
789 972 867 1043 Deo
887 975 1001 1068 impe·

239 1073 427 1151 trandum.

291 1177 430 1248 Primus
459 1177 636 1247 Nummus
662 1174 700 1249 in
719 1170 846 1254 Museo
865 1171 1001 1269 Chiap·

1109 561 1240 660 crypha
1265 559 1410 634 desunt.
1446 562 1569 657 Atque
1606 576 1646 633 ut
1673 584 1794 634 rerum
1824 562 1842 635 s
1858 606 1877 624 -

1108 682 1205 752 tear,
1245 659 1324 734 nist·
1350 687 1407 735 me
1448 657 1658 735 cohibuisset
1698 667 1877 742 Nummus

1109 763 1344 839 Arimineasts
1380 761 1474 837 insra
1508 761 1682 853 edendus,
1725 761 1878 865 suspicio

1108 869 1199 947 mihi
1240 866 1381 941 suborta
1431 863 1584 947 suisset,
1623 870 1875 944 Anconitanoa

1106 972 1196 1041 olim
1225 997 1338 1066 neque
1365 965 1579 1065 Episcopum
1607 964 1734 1059 suum,
1760 996 1877 1068 neque

1109 1068 1479 1166 Hierosolymitanum
1509 1068 1749 1143 Patriarcham
1780 1073 1878 1147 arbi·

1109 1193 1220 1247 tratos
1247 1173 1346 1247 suilse
1373 1171 1539 1247 sanetum
1559 1171 1795 1265 Quirinum,
1818 1172 1875 1248 sed

238 1275 341 1375 pinio
370 1275 591 1358 Placentiae,
618 1278 808 1348 &Romae
827 1275 916 1372 apud
937 1276 1000 1344 do·
1110 1279 1308 1349 Romanum
1352 1271 1585 1348 Pontificem.
1626 1277 1718 1347 Nam
1761 1301 1873 1374 quum

237 1376 429 1451 siissrmum
466 1378 632 1474 Equitem
672 1374 894 1450 franciscum
932 1374 999 1447 vi·
1038 1377 1068 1448 13
1108 1377 1244 1451 Sansiis
1271 1377 1476 1476 adjungitur
1511 1375 1641 1473 duplex
1685 1378 1752 1448 PP.
1780 1375 1874 1451 nihil

238 1478 390 1553 slonum
412 1478 633 1553 adservatur.
661 1482 765 1551 Hanc
785 1477 998 1576 epigraphen

237 1577 275 1656 in
303 1583 419 1653 antica
457 1578 608 1678 praesert
648 1586 703 1670 sit.
733 1582 800 1653 PP.
829 1583 861 1652 S.
887 1580 998 1672 Qtrt-

237 1684 443 1763 Rtncvs,
472 1683 584 1755 tribus
612 1678 791 1779 postremis
819 1680 932 1754 literis
953 1707 996 1752 ex

235 1809 311 1857 area
338 1781 519 1857 colleslis.
546 1783 587 1855 ln
614 1781 740 1879 pollice
764 1776 889 1862 Crux,
917 1808 996 1855 cum

234 1883 349 1957 literis
377 1882 627 1958 circumduslis
659 1887 721 1954 DE
753 1887 996 1957 ANCONA.

235 1983 428 2084 Ughellius
469 2011 611 2082 quoque
651 1982 800 2059 similem
845 1987 996 2083 protulit

1107 1479 1203 1552 aliud
1226 1477 1413 1580 significari
1432 1476 1618 1553 consuevit
1637 1475 1700 1551 nili
1720 1480 1875 1553 PAPA.

1108 1584 1163 1651 At
1189 1581 1226 1651 in
1263 1579 1419 1656 sabulosa
1456 1575 1496 1654 &
1535 1578 1684 1676 antiqua
1723 1585 1877 1676 Legenda

1106 1680 1247 1753 Sassiae
1274 1685 1426 1772 visclae,
1453 1677 1492 1754 &
1520 1680 1543 1752 st
1570 1679 1710 1778 Superis
1734 1683 1874 1778 placet,

1112 1785 1170 1854 lss.
1213 1782 1372 1856 millium
1414 1781 1604 1880 virginum
1647 1779 1688 1854 ἃ
1729 1785 1874 1875 Marty-

1106 1909 1184 1955 rum
1211 1887 1365 1978 Cyriacus
1390 1891 1483 1974 Papa
1515 1881 1701 1974 occurrit,
1733 1883 1873 1985 alioqui

1108 1982 1307 2075 fabulosus,
1344 1983 1409 2057 cisi
1450 1983 1514 2059 sub
1552 1984 1684 2080 cyriaci
1724 1987 1873 2061 nomine

234 2088 343 2160 Torn.
364 2089 391 2159 Ι.
419 2085 499 2159 ltal.
523 2086 670 2179 Sacrae.
1104 2086 1256 2158 siricium
1303 2092 1430 2181 Papam
1478 2081 1695 2183 designatum
1752 2087 1869 2160 uelis:

201 2269 203 2273 ,
285 2187 460 2262 Secundus
489 2189 667 2261 Nummus
702 2185 869 2263 Mutinae
905 2187 994 2286 apud
1077 2187 1201 2284 >quod
1241 2184 1459 2284 opinantura
1498 2186 1561 2284 qui
1602 2189 1796 2261 immanem
1823 2186 1873 2261 il-

232 2289 637 2379 comitemtohannem
666 2289 854 2389 Baptistan't
878 2293 994 2363 Scala·
1029 2283 1085 2361 C·
1107 2293 1177 2362 lam
1205 2285 1402 2361 fabularum
1437 2287 1563 2363 siruem
1604 2285 1767 2361 sustinere
1793 2314 1872 2387 per·
1940 2355 1943 2366 .

233 2388 424 2471 brinium,
468 2390 698 2464 Dominicum
741 2392 993 2474 vandellium,
1074 2393 1213 2489 ignat.
1241 2390 1306 2463 Sed
1334 2387 1416 2463 huic
1442 2387 1633 2489 suspicioni
1654 2390 1776 2462 locum
1796 2416 1871 2465 non

230 2492 423 2581 Johannem
446 2491 667 2565 franciscum
689 2495 731 2565 de
752 2494 993 2591 Solis.atque
1074 2490 1277 2590 lrelinquit
1306 2495 1483 2566 Nummus
1524 2488 1787 2582 Ariminensrs,
1828 2489 1869 2569 &

232 2617 335 2683 penes
370 2593 653 2675 aliosexstslens
689 2594 844 2690 (variae
874 2614 990 2666 tamen
1027 2603 1029 2605 ’
1074 2574 1188 2665 lfitus
1224 2592 1331 2666 etiam
1373 2595 1524 2668 duorum
1568 2594 1637 2665 PP.
1664 2618 1752 2688 quae
1793 2619 1870 2671 non

231 2691 397 2791 formae)
423 2695 616 2794 imaginem
644 2697 789 2768 exhibet
828 2696 991 2792 Episcopi
1016 2773 1023 2797 Ι
1106 2693 1379 2791 subsequuntur,
1415 2695 1470 2767 sed
1499 2693 1709 2794 praecedunt
1736 2720 1867 2769 nomen

231 2819 309 2864 cum
349 2798 537 2895 epigraphe
575 2799 614 2869 P.
653 2799 693 2869 P.
730 2801 987 2892 s-Qvttttn-
1105 2796 1292 2894 Episcopi.
1337 2794 1432 2870 Fieri
1480 2796 1620 2894 potuit,
1665 2814 1705 2867 ut
1732 2795 1867 2877 moniti

230 2899 344 2984 CVS,
380 2899 412 2965 ἃ
455 2900 492 2968 in
533 2898 615 2969 aliis
659 2900 725 2969 PP.
761 2903 793 2969 S.
831 2902 988 2969 Ctttln-
1036 2958 1040 2967 .
1098 2895 1869 2997 ¹ilnconitani,aegrestrliineripolsthti·

229 2998 340 3069 cvi.
378 2999 501 3068 Altera
529 2995 636 3070 sacies
662 2997 700 3070 in
727 3024 805 3071 area
834 2995 987 3072 Crucem

228 3094 355 3179 habet.
400 3095 438 3170 ἃ
479 3097 578 3172 hasce
621 3098 743 3173 literas
790 3103 855 3172 DE
896 3106 983 3175 AN-

227 3200 389 3270 CONA.

278 3302 443 3373 Tertium
470 3299 628 3376 adservat
656 3301 821 3376 Mutinae
845 3307 985 3377 Bertac·
1070 3276 1077 3426 l
1102 3305 1210 3375 modo
1230 3309 1400 3379 Anconae
1421 3303 1654 3401 Episcopum.
1681 3307 1727 3378 Et
1751 3302 1868 3402 reapse

227 3397 365 3496 chirius
392 3404 438 3475 „in
475 3401 535 3475 suo
564 3402 709 3490 Museo,
749 3406 987 3500 praecedenti·
1100 3406 1192 3499 apud
1212 3405 1456 3477 Alexandrum
1478 3403 1786 3492 Bertacchinium,
1809 3424 1867 3477 to·

226 3499 289 3572 bus
317 3499 493 3583 hmilem,
536 3501 596 3574 nist
639 3502 731 3601 quod
767 3501 901 3578 Claves
928 3505 989 3577 de-=
1102 3507 1169 3575 tica
1198 3504 1287 3576 mihi
1315 3507 1518 3592 laudatum,
1562 3508 1738 3576 Nummus
1780 3530 1868 3577 con·

225 3600 374 3672 cassatae
415 3601 571 3697 adjesiae
611 3601 778 3688 suerunt,
824 3604 865 3674 ad
894 3603 985 3674 indi·
1101 3600 1249 3688 spiritur
1275 3628 1353 3674 cum
1382 3601 1499 3700 effigie
1527 3601 1720 3700 Episcopi,
1750 3629 1864 3698 neque

226 3697 322 3772 cium
358 3718 445 3774 tunc
480 3700 699 3772 dominantis
736 3700 786 3772 ibi
816 3699 988 3775 Ecclesiae
1099 3699 1150 3771 ihi
1177 3720 1367 3775 occurrunt
1403 3703 1472 3774 duo
1511 3707 1578 3775 PP.
1606 3702 1661 3774 sed
1705 3723 1865 3778 tantum-

227 3804 431 3877 Romartae.
472 3801 719 3874 Anconitanae
760 3808 843 3874 vero
879 3800 983 3876 Civi·
1099 3801 1206 3874 modo
1246 3807 1278 3876 S.
1317 3806 1595 3896 Qvttttncvs
1638 3807 1734 3878 EPS.
1772 3806 1860 3882 idest

224 3903 356 3976 tatisa
393 3922 552 3979 temoore
587 3901 831 4001 antiquissimo
866 3926 984 4002 patro·
1095 3903 1238 3975 sanatus
1263 3906 1435 3998 Quiriacus
1463 3906 1655 4001 Episcopus.

222 4029 288 4089 nus
324 4003 372 4077 cll
408 4003 552 4079 Sandlus
593 4008 783 4099 Cyriacus.
811 4010 881 4079 ‚At
907 4007 987 4102 quis

226 4102 290 4177 ille
318 4105 446 4189 suerit,
473 4107 534 4178 diu
561 4105 655 4178 inter
681 4107 848 4178 Eruditos
875 4108 984 4180 disce·
1024 4133 1053 4203 E
1095 4103 1243 4180 selliano
1271 4106 1395 4180 Museo
1422 4107 1650 4207 adsectatus,
1672 4107 1788 4183 virum
1813 4139 1858 4184 o·

224 4226 361 4307 pratum
400 4205 466 4294 cll,
509 4205 670 4300 nihilque
706 4207 871 4278 hac‘ienus
899 4211 986 4284 certi
1093 4207 1220 4280 stendit
1255 4208 1294 4281 in
1329 4235 1422 4297 equo
1458 4229 1619 4283 currente
1655 4208 1857 4293 sedentem,

1104 3102 1342 3193 lymitanum‚
1380 3098 1447 3174 sese
1482 3099 1679 3199 receperint
1712 3099 1754 3172 ad
1782 3102 1869 3176 asse·

1027 3201 1075 3269 D.
1103 3202 1259 3277 rendum
1278 3199 1441 3276 Sanslum
1472 3202 1682 3295 Quiriacum
1707 3218 1866 3277 tantum·

1104 2998 1235 3070 riarum
1265 3001 1369 3071 illurn
1417 2997 1652 3071 Patriarcham
1697 2998 1831 3072 Hieros
1850 3037 1869 3058 ·
1968 3020 1973 3028 '

1146 4008 1304 4098 Quartus
1333 4010 1511 4081 Nummus
1536 4010 1697 4081 Veronae
1721 4005 1757 4080 in
1770 4012 1856 4084 Mu·
1925 4009 1928 4015 ’
1965 4037 1978 4050 ‘

224 4306 380 4383 emersrt.
408 4313 498 4382 Sunt
523 4307 584 4405 qui
616 4306 825 4404 Episcopum
856 4309 984 4381 Hiero·
1092 4333 1171 4378 cum
1208 4308 1399 4406 epigraphe
1441 4314 1506 4385 DE
1547 4313 1779 4382 ANCONA.
1819 4310 1863 4384 ln
1976 4357 1980 4363 ,
2063 4342 2067 4349 ·

223 4403 474 4500 solymitanum
503 4413 537 4481 ἃ
567 4412 795 4506 Martyrem3
840 4407 921 4480 sunt
947 4407 985 4484 δι
1091 4407 1240 4503 posticae
1283 4436 1360 4482 area
1405 4408 1529 4484 visitur
1556 4413 1621 4501 A,
1659 4405 1700 4482 ἃ
1727 4411 1862 4486 circum

222 4509 284 4601 qui
316 4515 581 4585 Anconitanum
609 4509 811 4584 Antislitem
840 4513 987 4585 volunt.
1090 4514 1122 4583 S.
1152 4512 1430 4602 Qvutlncvs
1459 4514 1528 4585 Pr.

225 4608 432 4704 Ughellium
470 4611 670 4704 praesertim
715 4612 796 4684 vide
833 4612 869 4684 in
900 4613 984 4698 Epi·
1139 4610 1321 4706 Quinslus
1343 4614 1497 4709 denique
1520 4616 1699 4688 Nummus
1719 4610 1756 4685 in
1776 4615 1862 4687 Ber·

221 4707 632 4801 sconisAnconitanis,
668 4716 703 4786 St
743 4711 892 4788 Clariss.
924 4718 985 4787 Pa·
1088 4713 1271 4786 racchinio
1298 4709 1499 4788 Mutinenfi
1527 4714 1686 4807 Museo,
1714 4716 1864 4813 praeseri

222 4810 450 4909 pcbrochium
488 4815 526 4887 in
571 4814 789 4889 Praefatione
827 4816 871 4888 ad
913 4817 986 4914 ejus
1088 4811 1238 4912 inhgnia
1273 4816 1458 4914 gentilitia
1497 4817 1612 4890 Paulli
1642 4816 1693 4893 ll.
1721 4819 1862 4912 Papae,

148 4946 150 4951 ,
220 4909 313 4983 Aeli
341 4913 399 4984 die
428 4918 490 4988 sV.
521 4915 677 5015 Mtjitin
706 4917 809 4989 Aslis
838 4917 980 4991 Sanslo·
1089 4941 1168 4988 cum
1196 4911 1375 4990 Clavihus
1402 4942 1443 4990 ac
1477 4917 1659 5015 Triregno
1696 4915 1861 5014 superpo·

218 5038 318 5087 rum.
356 5013 563 5110 Innumerae
592 5015 750 5117 profesio
778 5019 856 5093 heic
885 5019 983 5094 sabu·
1088 5015 1187 5096 stris.
1250 5017 1371 5094 addire
1415 5016 1455 5093 itt
1503 5017 1619 5093 limbo
1668 5017 1861 5119 epigraphe

321 5122 410 5192 Tam.
438 5122 477 5192 V.
1028 5184 1032 5190 .
1138 5122 1174 5192 K
1199 5117 1228 5191 la
1687 5123 1807 5194 PAV-
