4214 6014
292 324 455 502 garnisas
501 407 549 490 (θ’
593 290 941 488 eorsmNbEersbg‘
931 290 1084 488 11,st
1108 283 1487 490 AMbsClstlilllsi
1501 285 1719 484 ‹sbsdibnem
1748 320 1971 489 Casiiissoe

291 534 411 583 omnem
437 514 617 588 hominem.
646 515 757 587 Filius
782 539 887 590 autem
913 518 982 613 ejus
1004 520 1064 590 mi·

296 637 353 682 aar
388 615 513 689 nomine
550 617 692 689 Ubaldur
725 622 814 690 debet
841 619 921 713 fieri
947 621 1065 715 fidelis

294 739 398 788 etrum
423 741 532 790 cantra
557 746 675 789 omnem
700 721 882 815 bominem,
910 725 973 809 nisi
993 752 1065 799 ran-

292 838 345 890 tra
373 821 487 903 illum,
518 822 581 919 qui
609 827 791 898 communi
820 826 984 902 consensu
1012 847 1064 901 te·

295 920 414 995 nuerit
440 922 597 1023 regimen
625 926 659 996 8<
698 928 897 1022 potentiam
927 935 1062 1004 Domus

295 1021 509 1098 comitissae
539 1024 736 1109 Matildis,
768 1033 828 1121 sed
862 1055 952 1104 extra
978 1040 1063 1104 Tur-

295 1127 357 1196 rr‘m
383 1148 489 1198 contra
515 1156 633 1199 omnem
670 1131 849 1206 hominem.
885 1136 926 1206 si
960 1157 1064 1207 autem

295 1228 367 1319 bec,
395 1236 479 1326 quad
503 1236 591 1302 Deus
613 1233 798 1328 prohibeat,
825 1237 957 1319 obierit,
983 1248 1063 1311 Aa·

1192 512 1313 585 barum
1346 531 1502 586 enarrat.
1535 517 1659 611 Neque
1687 515 1770 588 ullis
1800 541 1959 616 unquam

1192 617 1412 714 temporibus
1448 614 1486 688 in
1523 618 1744 690 oblivionem
1783 620 1874 692 abiit
1902 644 1961 696 ars

1192 719 1389 793 Cuniculos
1417 718 1564 817 agendi:
1594 721 1687 816 quod
1716 745 1808 793 nuuc
1835 724 1961 822 appel-

1192 823 1305 894 lamus
1347 826 1509 903 Minare,
1544 821 1600 911 far
1640 823 1721 892 delle
1763 826 1879 905 Mine,
1921 827 1960 898 &

1190 949 1311 996 eorum
1340 922 1480 996 fossores
1511 926 1692 998 Minatorr‘.
1728 927 1849 1018 Quum
1877 923 1959 1002 Cu-

1191 1025 1304 1098 niculi
1335 1026 1412 1099 riae
1439 1027 1546 1099 client
1573 1026 1841 1116 subterraneae,
1867 1055 1960 1126 quae

1190 1127 1251 1201 sub
1288 1131 1385 1201 vallo
1421 1132 1455 1201 ἃ
1494 1129 1679 1202 moenibus
1718 1129 1958 1215 ducebantur,

1189 1231 1222 1302 8(
1252 1229 1379 1306 Latini
1408 1231 1562 1304 minores
1601 1258 1663 1329 pro
1699 1236 1845 1322 Ducere,
1882 1237 1959 1306 Mi·

289 1331 435 1424 Jesmas,
476 1353 512 1402 ur
550 1334 671 1428 potest,
707 1335 754 1416 ὠν
790 1341 964 1433 convenit,
995 1339 1065 1432 fiae
1113 1337 1142 1405 B
1190 1332 1403 1428 nare(unde
1432 1335 1597 1406 Italicum
1628 1333 1957 1439 Menareesfluxir)

295 1458 398 1503 eorum
416 1432 551 1525 fidelis.
589 1441 644 1508 Ex
678 1439 731 1510 bac
764 1448 842 1512 verb
865 1462 969 1514 tenore
1002 1454 1065 1515 duo

294 1535 421 1607 Brevia
441 1537 521 1628 sunt
542 1538 685 1630 scripta.

348 1633 499 1712 Moenia
528 1641 677 1715 Urbium
706 1645 740 1715 δι
766 1642 971 1720 Castrorum
992 1647 1064 1720 sca-

296 1736 344 1822 lis
371 1741 569 1823 adhibitis,
605 1745 828 1843 turribusque
865 1751 1065 1822 ambulato-

296 1839 363 1914 riis
406 1842 590 1932 adrnotis,
633 1843 812 1922 interdum
858 1850 1065 1950 superaban-

297 1961 381 2044 tur3
417 1943 472 2017 sed
501 1943 634 2042 saepius
664 1974 723 2046 per
749 1953 913 2035 Arietes,
941 1953 1065 2027 Tellu-

296 2044 426 2132 dines,
464 2046 605 2145 aliaque
642 2066 821 2127 tormenta
855 2056 891 2127 δε
930 2056 1065 2130 machi-

296 2173 359 2229 nas
399 2147 544 2222 bellicas
586 2153 783 2250 oppugnari
827 2156 1064 2249 consuevere,

1190 1432 1372 1508 dicerent:
1416 1463 1435 1508 a
1478 1463 1561 1510 vero
1602 1439 1754 1510 minime
1795 1442 1959 1533 aborret,

1190 1536 1385 1610 derivatam
1418 1536 1518 1613 fuisse
1544 1539 1673 1612 exinde
1702 1566 1826 1614 vocem
1855 1545 1957 1616 Mina

1189 1641 1222 1711 dt
1248 1644 1404 1729 Minare,
1433 1642 1510 1731 uti,
1536 1644 1571 1714 δι
1592 1644 1762 1714 Minarius
1788 1643 1857 1718 stre
1881 1647 1958 1716 Μὶ-

1190 1742 1292 1823 m'tor,
1320 1769 1383 1841 pro
1402 1739 1665 1817 Cuniculorum
1695 1744 1838 1821 fossore:
1868 1774 1958 1844 quae

1192 1844 1360 1916 vocabula
1390 1843 1522 1944 singula
1542 1867 1734 1920 occurrunt
1753 1851 1843 1944 apud
1864 1850 1959 1923 Scri-

1191 1963 1307 2034 ptores
1336 1947 1445 2020 medii
1473 1947 1552 2021 aevi
1590 1949 1662 2047 poll
1698 1954 1860 2023 Seculum
1891 1955 1957 2026 XI.

1192 2050 1317 2145 Neque
1344 2050 1440 2121 enim
1469 2048 1545 2122 veri
1573 2050 1663 2123 mihi
1693 2053 1832 2125 videtur
1859 2051 1959 2127 firni-

1190 2152 1249 2230 le,
1278 2177 1295 2222 a
1324 2150 1460 2224 Latino
1488 2152 1621 2224 Mirari
1634 2203 1646 2236 ,
1683 2153 1777 2252 quod
1807 2181 1866 2251 per
1893 2180 1956 2230 cu-

296 2248 350 2323 ir,
378 2268 418 2324 ut
445 2250 543 2324 aditu
571 2273 720 2350 aperto,
748 2283 852 2351 quem
881 2260 970 2333 olim
999 2267 1065 2331 ca.
1112 2244 1145 2317 C
1190 2250 1330 2325 niculos
1358 2253 1462 2326 bostis
1490 2254 1671 2341 minetur,
1710 2253 1883 2329 effluxisse
1919 2261 1957 2329 1-

297 2378 366 2442 va,
404 2380 496 2427 nunc
523 2355 652 2426 Breceia
688 2357 832 2432 Gallico
869 2362 1066 2453 vocabulo,

299 2457 543 2552 appellamus,
573 2452 611 2528 dc
643 2455 776 2532 insultu
805 2461 917 2560 postea
944 2462 1065 2553 tatto,

299 2552 339 2628 in
377 2555 548 2632 interiora
587 2557 693 2632 Urbis
729 2580 790 2634 aut
818 2565 923 2638 Arcis
950 2585 1066 2639 tenra-

297 2678 394 2731 retur
431 2660 618 2760 ingressus.
656 2664 781 2736 Seculo
817 2687 934 2740 autem
965 2672 1064 2740 xtrt.

297 2757 336 2832 ἃ
369 2765 466 2834 XIV.
498 2789 572 2832 mos
609 2766 892 2862 oppugnantium
934 2769 1064 2865 praeci·

295 2886 365 2960 pue
391 2864 525 2936 Turres
556 2864 585 2935 is
613 2857 709 2946 suit,
740 2865 802 2964 qui
831 2870 984 2968 Vegetio
1012 2891 1064 2945 te·

294 2960 341 3037 ste
382 2964 472 3064 apud
513 2962 605 3063 ipsos
651 2970 828 3042 Romanos
865 2972 926 3046 diu
966 2973 1063 3047 obri·

296 3066 398 3142 nuit.
428 3066 610 3141 Machinis
638 3068 813 3166 protebli,
841 3092 901 3146 aut
929 3102 989 3173 per
1012 3075 1061 3149 se-

1191 2352 1337 2426 talicum
1366 2357 1525 2438 Mittere,
1563 2355 1617 2428 uti
1653 2356 1827 2445 Johannes
1855 2364 1956 2433 Hen-

1190 2456 1282 2527 ricus
1310 2456 1433 2530 Ottius
1461 2455 1505 2530 ess
1536 2457 1727 2548 opinatus.
1765 2464 1891 2561 Neque
1917 2488 1956 2534 a·

1190 2557 1239 2629 lia
1267 2557 1309 2629 de
1336 2561 1447 2631 caussa
1472 2562 1698 2634 metallorum
1725 2560 1867 2635 fodinae
1894 2590 1957 2661 ap-

1191 2660 1341 2754 pellatae
1372 2663 1538 2733 videntur
1572 2660 1696 2734 iisdem
1734 2665 1957 2763 temporibus

1190 2763 1360 2842 Miserae,
1396 2760 1459 2834 nist
1497 2762 1580 2862 quia
1608 2763 1847 2838 subterraneae
1874 2767 1958 2842 viae

1190 2863 1366 2955 ducuntur
1403 2864 1441 2937 in
1484 2864 1616 2938 viscera
1657 2867 1872 2957 monrium,
1916 2886 1957 2943 ut

1191 2967 1334 3037 metalla
1375 2966 1638 3041 inveniantur:
1666 2969 1776 3065 'quod
1814 2969 1955 3044 Vossius

1189 3085 1270 3138 ante
1285 3069 1459 3167 conjecit.
1479 3074 1600 3143 Petrus
1615 3071 1766 3142 Azarius
1784 3070 1821 3144 in
1838 3072 1957 3145 Chro-

296 3191 412 3242 cretos
440 3171 623 3243 cuniculos
657 3170 699 3243 ad
736 3171 828 3246 imos
856 3202 974 3249 muros
1002 3178 1062 3248 ad·
1112 3175 1143 3243 D
1189 3166 1258 3238 nic.
1286 3172 1407 3239 Tomo
1437 3173 1534 3240 XVI.
1573 3196 1648 3267 pag.
1678 3194 1763 3264 351.
1801 3178 1880 3245 Rer.
1920 3178 1957 3247 l-

295 3271 417 3362 dusli,
445 3299 504 3345 eos
528 3272 662 3361 ariete,
688 3270 746 3348 seu
774 3277 942 3367 terebris,
968 3281 1062 3379 ligo·

293 3377 425 3465 nibus,
464 3373 520 3447 seu
544 3375 626 3471 picis
651 3375 687 3446 dt
712 3376 877 3469 pironibus
904 3382 1062 3480 (quibus

293 3475 405 3549 adhuc
433 3477 524 3574 apud
560 3503 624 3551 nos
660 3503 789 3552 nomen
826 3480 872 3554 esl
906 3485 1061 3583 Piccrai)

291 3575 361 3652 five
390 3581 555 3662 malleis,
592 3579 742 3679 aliisque
778 3581 899 3658 ferreis
936 3584 1059 3662 insltu-

291 3681 445 3762 mentis,
462 3680 645 3764 secabant,
661 3689 978 3788 conterebantque.
999 3694 1061 3764 Su·

290 3782 423 3879 periuri
452 3803 572 3857 autem
602 3811 703 3860 rouro
733 3791 898 3886 pendenti
928 3793 1058 3865 identi-

288 3883 368 3960 dem
393 3883 504 3962 sulcta
531 3887 647 3988 lignea
671 3886 976 3988 supponebantur,
997 3894 1060 3963 do-

1189 3266 1324 3340 talicar.
1368 3268 1517 3343 scribit:
1561 3273 1765 3366 Aggreffares
1806 3277 1956 3349 videntes

1184 3369 1353 3466 praedissa
1380 3399 1440 3442 non
1475 3374 1612 3461 valere,
1648 3398 1808 3468 coeperant
1841 3399 1957 3472 ponere

1188 3473 1222 3542 in
1258 3475 1405 3546 Ciuitate
1441 3482 1628 3569 Tapprnam
1669 3480 1769 3547 valde
1802 3486 1955 3551 oecultum

1186 3600 1242 3670 pro
1278 3578 1343 3670 ipso
1378 3579 1488 3665 Casbr
1522 3581 1689 3650 obtinenda
1715 3581 1759 3649 (a
1785 3590 1956 3658 cavando.

1189 3684 1236 3750 Et
1277 3708 1425 3775 quamvis
1464 3683 1639 3776 assartanda
1675 3703 1733 3776 per
1766 3684 1956 3758 contrariam

1189 3805 1375 3851 cavaturam
1396 3783 1468 3874 ipsis
1491 3786 1767 3874 Tapponatom'dtts
1784 3792 1867 3857 mast
1879 3791 1953 3878 suc·

1188 3880 1310 3967 affluet
1337 3884 1404 3948 stc.
1436 3885 1529 3950 Herc
1566 3884 1713 3974 Tappani
1739 3910 1810 3958 vox
1847 3890 1954 3959 Cani·
2036 3969 2043 3993 ι

181 3982 191 4002 ’
290 4011 355 4060 nec
392 4008 491 4062 tanta
528 3989 675 4062 vastatio
712 3992 803 4065 faeta
840 3995 982 4069 futter,
1021 4009 1060 4062 ut
1188 3985 1290 4091 aarum
1327 3976 1521 4074 ltsslfi‘at,
1556 3984 1725 4095 ηθῐῃὶηθ,
1762 4008 1801 4059 ut
1838 3991 1955 4090 conji-

289 4089 431 4188 grandis
459 4089 562 4162 ruina
594 4092 703 4165 muris
742 4095 951 4165 nutantibus
990 4090 1059 4160 im·
1114 4081 1137 4147 Ε
1188 4102 1271 4158 c¹⁰r
1307 4104 1325 4148 ³
1364 4083 1470 4172 Talpa
1498 4084 1685 4174 delumfflt
1721 4089 1754 4161 ὅ(
1793 4089 1875 4165 inde
1902 4090 1956 4166 ef·

289 4191 468 4266 rnineret.
505 4194 602 4266 Tum
639 4193 682 4266 ad
720 4193 940 4268 deditionem
985 4190 1057 4263 ole-

287 4318 437 4391 rumque
463 4293 710 4370 invitabantur
746 4291 891 4374 obseffi,
920 4289 1057 4366 iudica·

288 4412 329 4468 to
355 4397 406 4471 eis
438 4396 608 4494 praesenti
651 4393 835 4493 periculo.
872 4397 908 4469 Si
948 4396 1057 4473 adbuc

287 4501 554 4599 repugnabant,
582 4494 743 4569 immitto
770 4493 852 4595 igne
880 4497 916 4570 in
948 4496 1057 4572 fulcra

285 4600 427 4704 lignea,
443 4625 601 4675 corruere
625 4599 717 4670 muri
740 4593 957 4678 sinebantur.
975 4605 1058 4678 Fre·

285 4731 395 4801 quens
433 4702 485 4777 rei
515 4699 653 4774 mentio
692 4700 842 4779 habetur
878 4704 916 4777 in
954 4708 1056 4778 bellis

286 4804 452 4897 Italicis,
482 4803 537 4881 sed
566 4806 598 4876 ἃ
629 4805 724 4903 apud
754 4808 928 4881 Francos.
968 4813 996 4882 R
1022 4834 1054 4879 m

287 4915 372 4978 vero
415 4913 594 5009 eleganter
635 4907 809 4982 describit
850 4912 1054 4982 Willelmus

287 4998 391 5089 Brito
405 5010 489 5088 Lib.
506 5039 539 5088 a.
556 5008 756 5109 Philippis.
773 5009 836 5086 ubi
850 5010 894 5086 ad
908 5013 1056 5085 Annum

1188 4177 1340 4253 sormato
1369 4187 1573 4280 Taspanum,
1601 4189 1695 4286 quod
1725 4191 1836 4286 possea
1864 4201 1958 4287 Tap-

1185 4305 1297 4378 pannm
1325 4287 1500 4365 evaserit.
1528 4294 1700 4363 Attamen
1732 4297 1829 4387 supra
1858 4295 1958 4369 vidi·

1187 4412 1262 4458 trus
1290 4395 1427 4481 Tarpam
1459 4391 1552 4464 inter
1588 4376 1777 4462 Machinas
1804 4395 1955 4466 recensi-

1187 4511 1283 4562 tam.
1315 4495 1449 4588 ,Neque
1486 4493 1563 4564 heic
1590 4489 1829 4566 omittendum
1859 4496 1954 4576 illud

1187 4599 1526 4692 propugnaculorum
1556 4618 1687 4691 genus,
1724 4596 1781 4668 cui
1816 4621 1952 4678 veteres

1186 4696 1362 4788 Drngianis
1404 4720 1533 4766 nomen
1575 4694 1803 4794 imposuere,
1845 4726 1954 4803 atque

1187 4796 1266 4867 ltali
1314 4822 1329 4865 a
1373 4797 1492 4870 G..llis
1536 4803 1701 4895 accepisse
1745 4803 1909 4879 videntur
1934 4832 1951 4910 ;

1185 4923 1262 4968 nam
1304 4894 1342 4970 ἃ
1380 4898 1492 4972 achuc
1530 4914 1618 4998 apud
1657 4906 1781 4977 Gallos
1819 4911 1854 4980 id
1886 4936 1953 4981 no·

1183 5028 1266 5078 tucn
1301 5002 1490 5102 perdurat.
1527 5005 1583 5078 Ita
1619 5006 1846 5083 edrnffimum
1876 5014 1952 5086 Ar-

1836 5133 1887 5180 crs
