4214 6014
167 384 169 390 ι
323 359 404 449 ³59
596 319 1567 445 aurro.urr.uuorranrr
1752 304 1907 450 330*

262 454 385 540 Secula
422 465 533 524 nato.
569 449 618 522 Et
653 450 907 523 volaterranus
941 445 1022 545 qui·
1061 448 1095 522 A
1132 442 1261 520 merito
1290 442 1424 520 eximia
1458 444 1522 520 illa
1551 442 1698 522 Civitas
1732 447 1795 525 fibi
1832 450 1898 527 tri·

259 553 341 627 dem
368 578 440 627 rem
469 548 845 648 sensit,.quamquam
873 575 944 623 non
972 548 1021 624 sa·

260 654 310 731 tis
335 680 395 754 per
420 651 544 728 omnia
568 651 693 726 novit.
721 655 932 725 Germanam
958 654 1022 726 Pe·

260 772 336 830 trae
363 754 509 829 Sanslae
533 752 711 854 originem
739 752 841 828 nobis
869 751 1023 826 servavit

261 857 468 932 Ptolomeus
499 853 665 930 Lucenfis
700 853 924 945 Historicus,
959 855 1022 952 qui

260 962 421 1034 Annales
442 959 563 1031 breves
585 961 694 1030 Anno
714 955 844 1032 christi
861 960 1022 1032 MCCC·

262 1063 329 1135 111.
366 1056 520 1157 scripsit,
556 1087 575 1131 a
612 1085 667 1133 me
703 1059 836 1133 inlatos
872 1060 910 1132 in
947 1062 1022 1132 To-

262 1187 361 1236 mum
391 1164 451 1234 xl.
476 1165 555 1235 Rer.
581 1161 808 1235 Italicarum.
835 1164 923 1234 Sunt
951 1161 1024 1259 ejus
1055 1188 1059 1197 ·

262 1266 368 1337 verba
394 1262 438 1336 ad
465 1266 611 1335 Annum
647 1264 842 1339 MCCLV.
871 1263 1026 1336 Dominus

1131 545 1236 628 buit,
1263 549 1299 618 δε
1324 546 1386 621 diu
1420 546 1461 622 in
1497 552 1666 623 Numinis
1702 579 1723 626 a
1758 551 1793 627 se
1820 579 1899 655 per·

1131 646 1232 722 cussis
1259 646 1460 748 usurpavit.

1183 748 1348 824 Tertium
1386 770 1587 852 argenteum
1623 752 1666 828 ad
1694 770 1760 832 'me
1800 754 1898 834 misit

1132 849 1400 949 spesiatislimus
1440 854 1534 927 inter
1572 859 1733 932 Proceres
1774 862 1897 937 Bono·

1133 953 1268 1027 nienses
1297 958 1448 1044 Joannes
1486 957 1614 1032 Paulus
1649 957 1817 1037 Marchio
1851 963 1897 1038 de

1134 1058 1296 1151 Pepulis.
1323 1055 1379 1130 lbi
1407 1061 1444 1132 in
1474 1056 1591 1130 antica
1615 1063 1714 1136 Crux
1744 1092 1823 1137 eum
1851 1065 1900 1139 li·

1134 1157 1218 1231 teris
1255 1155 1378 1233 visrrur
1413 1162 1616 1236 TADEVS
1654 1167 1719 1238 DE
1757 1170 1900 1242 Puro·

1133 1262 1219 1334 Lis.
1260 1259 1290 1332 is
1327 1266 1477 1358 nempe,
1515 1264 1576 1362 qui
1613 1267 1726 1340 Anno
1760 1266 1898 1347 Christi

262 1365 454 1456 Guiseardus
480 1368 520 1436 dr
546 1372 643 1437 Petra
668 1364 792 1438 Sansla
819 1362 1024 1463 (Mediola·
1066 1384 1096 1454 Β
1134 1363 1466 1438 Mcccxxxvli.
1504 1366 1688 1441 Bononiae
1719 1360 1910 1450 Dominus·

1133 1461 1264 1537 elesius
1290 1462 1381 1554 suit,
1412 1465 1573 1560 illudque
1599 1466 1789 1569 imperium
1818 1501 1896 1551 ma·

1133 1562 1262 1662 gnifiee
1287 1564 1417 1664 gestum
1444 1569 1487 1640 ad
1513 1566 1607 1642 filios
1634 1597 1776 1671 quoque
1798 1595 1899 1652 tran-

261 1463 400 1565 nenlis)
422 1465 491 1557 fuir
524 1466 575 1538 bie
608 1466 749 1555 Potestas
774 1464 967 1563 (Lucensis
983 1467 1024 1563 ).

261 1569 333 1663 ‚Qui
357 1569 398 1639 de
425 1567 559 1650 Vcrsslia
583 1571 660 1639 duos
687 1575 838 1665 Burgos,
864 1563 961 1640 unani
987 1595 1025 1637 eae

262 1672 357 1743 SUO
393 1673 599 1743 NOMINE
635 1670 816 1740 nominavit
830 1697 852 1757 ,·
888 1670 1025 1741 alterum

262 1777 337 1840 vera
363 1777 517 1864 Campum
547 1771 729 1863 Majorem.
758 1775 852 1841 Hune
877 1769 1023 1856 suflicit,

253 1871 312 1965 seu
339 1869 518 1942 hominibus
543 1877 791 1959 Centaurorum,
822 1872 923 1944 alium
949 1878 1024 1942 vrri

259 1979 301 2047 de
325 1980 423 2045 Petra
457 1971 579 2044 Sassia
612 1975 749 2062 replevit
782 1973 961 2044 bominibus
985 1977 1026 2046 de

260 2074 444 2162 Cervaria,
470 2072 519 2156 ψ’
544 2076 583 2144 de
611 2075 789 2146 Valleccbia
808 2073 880 2153 &a
902 2077 1024 2173 ltaque

261 2175 331 2252 und
356 2174 465 2251 situel
499 2173 576 2248 dele
613 2174 913 2269 impudentiffime
940 2203 1025 2251 eon·

1135 1664 1263 1738 lmisrt.
1301 1670 1341 1738 sn
1369 1667 1496 1764 postica
1531 1668 1577 1742 est
1613 1671 1746 1773 effigies
1773 1678 1897 1755 Sansii

1134 1765 1230 1840 Petri
1267 1766 1387 1843 stantis
1408 1795 1505 1844 ‘cum
1541 1771 1654 1849 Libro
1689 1776 1728 1849 in
1764 1775 1897 1856 sinislra

1131 1868 1165 1941 ἃ
1193 1869 1368 1944 Clavibus
1395 1870 1434 1945 in
1461 1872 1630 1948 dextera.
1657 1876 1897 1958 Circumslant

1130 1968 1276 2043 literae:
1316 1976 1349 2044 S.
1386 1977 1424 2047 P.
1463 1973 1573 2070 (idest
1607 1978 1746 2050 Saeuus
1780 1988 1895 2054 Perre·

1132 2071 1235 2170 nius)
1278 2076 1341 2146 DE
1391 2077 1661 2153 BONONlA.
1710 2081 1897 2179 Ejusmodi

1132 2177 1311 2250 Nummos
1347 2177 1391 2252 ab
1427 2179 1551 2253 eodem
1589 2181 1782 2265 Thaddaeo
1820 2212 1899 2283 per-

261 2275 386 2354 sisium
428 2294 546 2352 totum
586 2275 678 2352 illud
714 2277 906 2351 Edisium.
943 2282 1025 2354 Hoc
1062 2291 1098 2366 c
1131 2276 1241 2350 cussus
1277 2275 1377 2352 fuisse
1413 2287 1523 2353 Anno
1560 2285 1899 2364 MCCCXXXVH.

260 2378 326 2455 fibi
362 2379 545 2461 habeant,
585 2379 647 2476 qui
684 2379 812 2453 sabulis
847 2379 1024 2455 delesian·

260 2499 345 2557 tue.
383 2479 448 2556 Sed
484 2481 556 2580 jam
592 2501 714 2581 repeto
749 2480 1024 2558 Bononienfium

263 2586 464 2659 Nummos.
639 2673 644 2682 .

312 2685 451 2760 Primus
478 2700 554 2758 tum
582 2685 671 2783 apud
710 2712 789 2768 me,
810 2702 904 2782 'tum
933 2687 1024 2783 apud

259 2805 425 2886 nepotem
447 2811 562 2859 meum
583 2787 779 2876 Johannem
800 2788 1023 2863 franciscum

257 2888 302 2963 de
331 2886 450 2968 Solis,
476 2883 638 2986 &penes
665 2890 755 2964 alios
780 2890 1025 2985 Mutinenses,

257 3008 364 3090 atque
383 2988 422 3065 in
437 2987 563 3063 Museo
583 2990 732 3083 Essensr,
752 2994 1002 3070 Bertacchinio
1013 3051 1024 3087 ,

257 3091 297 3170 ἃ
317 3089 561 3190 Chiappinio‚
588 3091 811 3180 adservatae,
838 3094 877 3168 in
904 3097 1023 3170 antica

256 3193 407 3294 praefert
426 3193 487 3266 has
506 3192 627 3268 literas
655 3198 892 3280 ENRlCVS,
924 3198 959 3266 δι
981 3196 1021 3268 in

1132 2375 1254 2452 audior
1293 2378 1340 2453 est
1374 2380 1647 2459 Ghirardaccius
1687 2388 1725 2460 in
1762 2389 1896 2467 Histor.

1132 2479 1365 2557 Bononienfi.
1402 2483 1569 2584 Idemque
1596 2486 1826 2565 confirmatur
1850 2494 1896 2568 ab

1132 2581 1291 2657 Audlore
1317 2582 1506 2659 Miscellae
1533 2590 1762 2664 Bononiensis
1787 2596 1902 2670 Tom.

1134 2687 1268 2756 xviii.
1299 2689 1378 2759 Rer.
1406 2686 1560 2761 italicar.
1588 2692 1649 2786 qui
1678 2694 1787 2765 etiam
1815 2697 1910 2770 ani··

1131 2787 1352 2879 madvertit,
1387 2793 1496 2863 unuin
1523 2817 1566 2864 ex
1603 2790 1697 2867 hisce
1725 2798 1898 2873 Nummis

1131 2889 1288 2987 aequasse
1316 2891 1470 2991 pretium
1495 2891 1645 2968 duorum
1673 2898 1896 2974 solidorum.

1183 2997 1341 3087 Quartus
1368 3014 1551 3093 argenteus
1578 2993 1746 3072 Mutinae
1774 2999 1897 3077 visitur

1130 3091 1168 3164 in
1201 3092 1328 3166 Museo
1367 3096 1640 3170 Bertacchioio.
1680 3102 1806 3175 Altera
1844 3102 1900 3177 fa·

1129 3190 1200 3263 cies
1226 3194 1372 3264 exhibet
1399 3194 1459 3264 has
1486 3195 1608 3268 literas
1635 3203 1701 3272 [Α.
1723 3205 1799 3276 ΕΤ.
1831 3208 1896 3278 10.

257 3294 387 3396 postica
414 3298 431 3369 Ι
461 3297 486 3369 Ρ
514 3299 544 3368 R
572 3298 627 3369 T.
663 3321 751 3393 quae
786 3293 946 3369 initiales
973 3295 1019 3370 li·
1060 3319 1095 3388 ι)
1130 3295 1208 3364 DE.
1236 3294 1380 3368 PPLIS.
1408 3296 1441 3366 &
1469 3294 1508 3367 iu
1533 3323 1613 3371 area
1642 3303 1779 3382 FRES‚
1805 3301 1897 3379 idest

255 3417 351 3473 terae
378 3397 457 3473 sunt
483 3417 635 3496 quatuor
654 3398 866 3493 syllabarum
894 3397 1021 3473 consti·
1120 3396 1261 3486 Iacobus
1285 3394 1332 3475 ἰν
1351 3397 1518 3487 Iohannes
1537 3405 1577 3471 de
1604 3394 1731 3496 Pepuiir
1751 3405 1899 3500 fratres,

200 3579 202 3583 ,
257 3501 435 3597 tuentium
463 3499 552 3574 hanc
580 3526 704 3576 vocem
733 3505 972 3575 lmPeRaTor.
989 3501 1023 3577 ls

256 3602 302 3678 est
330 3602 506 3677 Henrieus
527 3607 572 3675 V.
602 3603 798 3705 Augustus,
824 3604 889 3705 qui
915 3608 1024 3679 Anno

255 3701 387 3781 Christi
414 3707 589 3777 MCXCI.
615 3704 848 3806 Privilegium
871 3704 1023 3801 ejusmo-

255 3803 320 3894 di,
348 3824 388 3880 ut
415 3802 593 3893 vidimus,
635 3805 847 3882 Bononiensi
886 3808 1023 3903 Populo

256 3908 434 3983 eontulit.
477 3911 517 3980 In
556 3907 706 4005 posticae
741 3910 855 3983 limbo
891 3908 1023 4005 legitur

256 4010 480 4093 nouom,
519 4009 552 4077 a
590 4010 628 4078 tn
665 4009 785 4079 meno
823 4011 888 4087 A,
926 4006 1021 4099 quod

256 4103 487 4204 conjunsium
514 4102 630 4178 literis
656 4102 781 4178 iisdem
817 4103 879 4177 dat
913 4109 1021 4176 Bone·

1130 3497 1192 3595 qui
1220 3495 1293 3592 post
1320 3498 1503 3574 Thaddaei
1531 3501 1640 3599 patris
1668 3503 1719 3578 sui
1749 3507 1897 3584 obitum

1131 3597 1310 3687 dominari
1346 3599 1529 3675 Bononiae
1566 3626 1756 3703 coeperunt
1784 3611 1897 3685 Anno

1131 3697 1263 3774 Christi
1296 3704 1597 3777 mccchvu.
1635 3709 1674 3778 ln
1704 3709 1813 3782 altera
1842 3710 1899 3786 sa-

1131 3800 1185 3873 cie
1200 3801 1332 3897 legitur
1351 3801 1390 3872 in
1406 3802 1558 3877 circuitu
1574 3807 1649 3879 ΒΟ.
1668 3811 1749 3882 ΝΟ.
1766 3815 1829 3886 ΝΙ.
1846 3815 1897 3892 Α.

1182 3899 1360 3991 Quinsius
1390 3905 1588 3986 Nummus,
1616 3906 1785 3985 Mutinae
1803 3913 1897 4010 apud

1129 4005 1298 4087 loannem
1337 4003 1527 4099 Baptistam
1565 4008 1608 4081 de
1643 4013 1756 4086 Caula
1782 4018 1811 4104 J¹
1842 4014 1907 4097 U..

1133 4103 1176 4174 D.
1213 4127 1233 4174 a
1269 4127 1325 4176 me
1363 4102 1479 4194 visus,
1515 4107 1554 4182 in
1589 4111 1710 4191 antica
1746 4115 1898 4213 praefert

256 4208 330 4283 nia.
357 4205 519 4283 Similem
547 4208 775 4295 Nummum,
810 4203 868 4279 sed
904 4206 1019 4280 mino·
1060 4228 1090 4299 Ε
1133 4191 1399 4292 lOllliS,idesi
1404 4211 1575 4300 johannes
1592 4218 1893 4301 VICECOMES,

255 4311 303 4386 ris
329 4308 490 4391 moduli,
527 4306 694 4409 conspexi
719 4308 758 4383 in
795 4309 1021 4409 praelaudato

255 4413 381 4489 Museo
409 4410 681 4505 Bertacchinio.

260 4594 265 4601 ,
306 4516 486 4589 Secundus
508 4513 546 4588 ia
582 4513 706 4589 eodem
743 4512 894 4605 Museo,
928 4515 1020 4610 apud

140 4645 144 4652 ’
253 4614 379 4709 loseph
408 4615 561 4690 Mariam
597 4620 840 4697 Cattaneum,
880 4619 914 4690 δι
947 4622 1017 4692 Do

254 4723 429 4794 minirum
456 4717 709 4799 Vaudellium,
741 4718 905 4792 Mutinae
932 4718 1017 4793 exsr-

254 4819 363 4906 siers,
390 4820 428 4895 in
455 4820 567 4893 altera
592 4816 682 4894 satie
723 4820 830 4894 habet
864 4823 1012 4894 ΒΟΝΟ-

257 4923 372 5008 ΝίΛ,
401 4916 448 4998 in
469 4922 578 4997 altera
604 4924 789 4996 MATER
815 4924 1016 4996 STVDIO·

257 5022 394 5111 RVM,
416 5051 521 5123 quem
547 5023 697 5100 titum
723 5022 930 5101 laudisona
949 5024 1029 5107 im·,

1131 4305 1427 4409 Archiepiscopus
1469 4338 1594 4409 nempe
1633 4341 1672 4388 ac
1713 4317 1895 4395 Dominus

1128 4407 1355 4501 Mediolani,
1378 4413 1476 4509 eujus
1495 4412 1627 4487 ditioni
1650 4416 1758 4508 Anno
1777 4413 1896 4495 Chri·

1126 4510 1165 4586 sti
1190 4516 1381 4589 Mccct.
1405 4513 1522 4586 addita
1546 4513 1592 4585 ell
1617 4543 1634 4586 a
1664 4517 1805 4616 Pepulis
1825 4522 1895 4596 do-

1126 4613 1279 4689 minatio
1306 4612 1506 4687 Bononiae.
1532 4613 1575 4688 ln
1601 4616 1732 4718 postica
1757 4621 1892 4724 legitur

1126 4720 1382 4790 BONONlA.

1178 4823 1302 4892 Sextus
1338 4835 1523 4917 argenteus
1558 4822 1760 4903 adservatus
1785 4855 1805 4904 a
1833 4829 1890 4906 su-

1128 4946 1191 5018 pra
1213 4940 1410 4994 memorato
1438 4925 1579 5001 Abbate
1605 4929 1798 5020 Joaehino,
1825 4958 1897 5025 ας

1125 5024 1224 5101 hibet
1244 5022 1400 5126 effigiem
1420 5027 1577 5144 liootaui
1600 5030 1785 5206 Pontificpis
1806 5059 1891 5111 cum

1785 5150 1837 5206 se·
