4214 6014
17 1712 23 1725 ·
176 1699 331 1775 arceret,
367 1704 474 1784 atque
509 1685 562 1762 ita
601 1684 637 1763 se
674 1686 771 1761 ultro
811 1711 857 1762 ex

55 1854 64 1859 .
176 1783 331 1860 laxitate
364 1812 446 1861 eum
483 1787 586 1862 tibiis
611 1805 862 1880 componeret,
900 1804 943 1862 ut

241 344 299 454 ες
447 336 890 431 ὀιεεεωπο
917 270 1497 456 Vruusrunoorucrn.
1685 348 1774 435 'rr

179 449 225 526 de
258 454 383 542 restat,
424 472 469 534 ut
507 458 743 561 agnoscamus·
777 458 947 551 tandem,
972 465 1020 535 !A
1055 474 1139 557 gata
1165 459 1286 531 tabula
1314 453 1463 537 docuit,
1491 480 1585 533 nunc
1610 482 1735 536 onanea
1759 486 1850 539 noa.

181 552 367 634 inventum
407 557 611 637 Tibialruna
653 560 850 637 nostrorum
886 563 947 636 de·

181 658 254 737 teri
296 661 431 739 Seculia
472 662 756 765 posterioribus.
799 663 947 740 Nullius

178 762 317 865 negotii
343 790 398 840 ara
423 791 518 841 nune
544 770 610 843 illa
651 766 756 841 nobis
782 762 946 851 ridetur,

176 866 273 964 quod
308 892 386 941 cana
413 869 514 942 nulla
542 894 652 969 poene
687 866 816 944 mulier
840 867 947 969 igno-

177 988 253 1044 ret.
281 971 416 1046 Verium
443 969 607 1046 invenire
632 967 744 1071 ipsam
767 969 946 1073 primiani,

177 1068 326 1146 “duum
368 1075 472 1171 plane
510 1071 605 1155 fuit,
646 1099 757 1173 quurn
796 1069 947 1147 difficile

177 1167 388 1247 hominibus
437 1172 650 1251 succurreret
698 1174 793 1250 ratio
841 1174 946 1249 effor-

178 1273 302 1348 rnandi
329 1273 578 1352 continuatum
605 1276 805 1357 sacculum,
832 1295 873 1352 ut
890 1275 944 1352 ita

1054 556 1247 648 norimus,
1273 583 1387 658 neque
1413 559 1601 635 tantillum
1626 560 1825 655 miramur,

1053 676 1092 734 at
1128 660 1171 734 ad
1207 658 1464 736 inveniendum
1503 660 1655 762 impares
1695 666 1822 743 &noa

1053 759 1146 837 olim
1172 760 1369 838 fuissemus.
1396 762 1497 859 Quid
1515 763 1665 841 obvium
1687 767 1822 889 anagia

1054 866 1162 965 quiin
1189 865 1335 962 Sraffar,
1361 861 1433 941 lire
1457 870 1638 964 Sraprdrr,
1663 872 1824 965 scapua,

1055 992 1096 1041 ac
1121 970 1303 1064 semdae,
1330 992 1478 1067 quarum
1504 995 1574 1070 ope
1599 994 1694 1046 nunc
1716 968 1823 1049 facile

1054 1069 1094 1146 in
1125 1095 1264 1189 ‘equum
1305 1068 1504 1154 infilimua.
1545 1068 1586 1148 δι
1622 1069 1660 1147 in
1692 1072 1822 1194 quibua

1053 1172 1430 1376 {liliati}
1450 1171 1825 1377 ‘tillim

179 1374 317 1460 dicam,
351 1374 445 1477 spiffi
473 1380 557 1456 retis
584 1378 628 1455 ad
653 1377 799 1466 instar.·
819 1404 865 1454 ex
891 1378 945 1452 la·
991 1385 1022 1460 Β
1054 1395 1095 1450 ut
1138 1402 1245 1453 nemo
1291 1402 1386 1452 nunc
1430 1376 1661 1455 Eruditorum
1689 1394 1823 1554 ⁰25⁸·

177 1502 276 1570 nea,
301 1475 421 1571 lineo,
453 1498 516 1556 aut
540 1479 672 1558 sericeo
698 1476 785 1565 filo,
811 1479 874 1580 qui
901 1476 945 1554 fi·

177 1582 256 1656 anul
275 1578 383 1656 tibias
401 1582 490 1658 bene
508 1581 738 1669 conveniret,
764 1579 944 1761 iugulat:

207 1883 272 1960 'hil
307 1910 352 1964 ex
386 1914 506 1964 earum
542 1889 720 1966 acnuliate
752 1885 793 1967 &
828 1888 944 1965 lorml

202 1986 373 2162 eferiret.
423 1989 621 2068 Difficilius
659 1991 769 2068 etiam
809 1988 941 2091 caligae

175 2084 268 2187 lpas
293 2090 334 2165 in
359 2092 520 2168 textrino
545 2092 739 2170 conficere:
767 2090 863 2188 quod
887 2107 942 2164 ta·

176 2213 261 2269 nen
288 2190 470 2291 postremis
487 2191 583 2268 hisce
602 2190 822 2293 temporibus
839 2189 940 2265 adio·

174 2311 326 2369 reatum
352 2292 392 2369 in
420 2293 482 2371 usu
506 2292 574 2370 effe
599 2294 742 2396 coepit.
768 2295 858 2368 Sunt
883 2288 941 2367 irr-

174 2417 322 2475 auanera
349 2396 421 2472 alia
446 2394 617 2492 inventa,
650 2421 741 2498 quae
764 2394 809 2470 ad
835 2391 941 2471 inilar

173 2495 265 2594 eri,
290 2495 389 2600 quorl
413 2499 613 2579 &lumbua
637 2497 722 2578 liare
755 2497 801 2577 in
830 2496 978 2592 laevi-1

1054 1478 1118 1555 Eia
1145 1477 1237 1556 saltu
1262 1476 1444 1555 ascendere
1469 1507 1579 1581 equos
1603 1506 1693 1582 opua
1736 1479 1822 1573 uit,

1053 1602 1115 1657 aut
1141 1580 1281 1683 lapide,
1313 1579 1385 1657 five
1410 1579 1528 1682 stipite
1553 1585 1629 1658 alto
1655 1608 1720 1684 pro
1743 1580 1823 1658 sca·

1053 1685 1089 1759 la
1114 1684 1192 1774 uti,
1232 1702 1296 1758 aut
1319 1690 1495 1758 semeron·
1521 1682 1714 1768 adhibere,
1753 1680 1822 1784 qui

1054 1786 1097 1861 ad
1124 1784 1355 1862 scandendum
1382 1812 1513 1885 equum
1531 1786 1724 1864 auxiliares
1742 1810 1823 1862 nra·
1949 1814 1953 1821 ·

1053 1914 1119 1965 nuc
1145 1889 1343 1987 praeberet.
1372 1888 1526 1965 Pendula
1553 1888 1694 1991 insuper
1719 1912 1822 1967 crura

1054 2015 1095 2065 ae
1122 1990 1224 2090 pedes
1258 1990 1296 2065 in
1336 1993 1443 2092 longa
1471 1991 1696 2090 equitatione
1720 1992 1823 2069 dole·

1055 2091 1162 2172 bant,
1188 2110 1357 2190 erantque
1384 2094 1517 2168 morbis
1544 2091 1727 2167 nonnullis
1753 2093 1822 2169 oba

1058 2191 1188 2266 noxia.
1213 2190 1506 2291 Subsequentiurn
1521 2195 1744 2268 saeculorum
1760 2194 1822 2269 io·
1955 2227 1962 2245 ¹

1055 2290 1182 2369 dustria
1217 2289 1390 2395 ejusmodi
1425 2290 1612 2370 subfidium
1646 2297 1682 2370 la
1717 2318 1821 2369 cona·

1055 2394 1226 2489 modum,
1260 2420 1302 2473 ac
1336 2414 1412 2473 tarn
1445 2393 1547 2477 facili
1580 2414 1680 2494 arte,
1712 2394 1820 2475 uobia

1054 2497 1211 2599 peperit.
