4214 6014
149 437 153 445 .
234 337 343 448 'us

546 329 991 451 Antronrr.
1043 329 1299 421 nnnrr
1348 332 1542 423 arur
1754 346 1842 463 pa,

217 444 360 526 Aulioi
386 449 493 526 Vitae
520 450 675 555 ejusdem
702 449 885 527 Ludnuici
909 455 988 526 Au·
1029 454 1067 528 A
1156 449 1402 552 Antiquarum
1448 480 1591 557 quoque
1626 454 1788 531 ordinem
1832 473 1872 524 ln

219 552 718 654 gullimapud'pusscltesnium
741 573 881 646 narrat,
909 553 1007 641 Aur

218 681 267 728 no
298 655 780 733 DCCCVll[.obs1dionem
812 655 987 733 Tortosae

218 755 443 834 institutam.
479 769 554 858 Quo
584 765 772 862 perveniens
807 761 989 834 ludovicus

218 867 315 952 Rex,
340 867 419 936 adeo
440 863 543 936 illam
552 865 706 938 arietibus
718 860 988 965 ,'nmnganibus,

218 962 326 1059 vineis
339 1015 351 1047 ,
378 965 427 1050 &3
451 969 560 1040 cereris
586 968 801 1053 instrumentis
833 967 991 1059 laeeffivir

221 1062 268 1145 &
293 1068 448 1164 protrivit
474 1071 674 1151 muralibus,
711 1089 748 1140 ur
774 1070 872 1141 Cives
899 1069 990 1138 illius

223 1194 244 1242 a
256 1168 314 1268 spe
331 1171 509 1243 deciderem
519 1221 530 1256 ,
558 1171 770 1270 insral‘iosque
782 1172 855 1264 suos
872 1174 991 1242 adver-

216 1271 255 1365 so
280 1293 381 1345 marte
405 1296 581 1356 cernentes,
607 1270 896 1373 'clavesssioitaris
922 1294 992 1346 tra.-

1106 550 1242 628 militia
1290 556 1438 656 regenda
1483 555 1665 633 servavere
1709 553 1872 633 Boreales

1106 657 1282 732 Nationes
1310 659 1434 732 ltaliae
1461 658 1711 734 dominantes.
1738 657 1811 734 Etsi
1832 653 1873 726 in

1105 786 1225 835 earum
1261 761 1421 837 exercitu
1449 765 1547 837 nulla
1584 763 1722 837 rnentio
1748 785 1874 837 occur·

1104 860 1160 939 rat
1183 863 1408 964 Legionum,
1433 865 1674 946 Turmarum,
1701 863 1873 961 Maniptt·

1105 967 1245 1053 lorum,
1272 966 1512 1052 cohortium,
1547 967 1770 1063 aliorumque
1803 965 1873 1039 hu·

1106 1067 1258 1168 jusmodi
1286 1072 1527 1143 Romanorum
1556 1069 1770 1157 nominum,
1813 1065 1873 1141 ni·

1107 1172 1183 1244 hilo
1219 1190 1338 1245 tamen
1365 1170 1476 1247 secius
1511 1171 1599 1245 ordo
1626 1197 1697 1244 non
1725 1170 1871 1253 deerat,

1105 1269 1145 1348 &
1189 1273 1302 1371 copiis
1343 1272 1435 1346 rarii
1475 1271 1637 1347 ‹lubiores
1678 1268 1872 1344 subalterni

222 1375 351 1447 demur.
381 1375 535 1448 Fortasse
562 1390 625 1470 pro
651 1364 884 1473 Meiganibus
907 1373 992 1448 scri·
1040 1391 1069 1463 Β
1108 1371 1418 1474 praeficiebantur.
1459 1377 1546 1447 Erat
1582 1372 1759 1472 supremus
1788 1376 1874 1447 Dux

226 1493 327 1574 ptum
355 1473 464 1550 suerit
503 1479 709 1575 Mangauis.
756 1482 855 1552 Haec
895 1475 991 1549 enim

224 1601 297 1651 vox
325 1577 415 1678 apud
443 1580 609 1679 antiquos
651 1578 813 1654 usitatior
852 1575 924 1651 fuit
951 1576 993 1650 ad

223 1677 430 1780 designanda
456 1701 660 1771 tormenta,
699 1679 874 1778 aquibus
902 1678 994 1778 lapi·

224 1779 285 1857 des
311 1782 593 1880 projiciebantur
616 1783 655 1854 in
674 1779 858 1856 Civitates
881 1780 995 1857 obses·

227 1877 298 1956 sas.
336 1882 523 1959 Miscellae
566 1883 720 1960 Aue‘lor.
743 1884 829 1960 Lib.
863 1908 924 1958 21.
952 1882 995 1957 de

224 1983 372 2065 Leonis.
397 1984 543 2062 Isaurici
583 1990 686 2063 rebus
712 2013 819 2088 agens
845 1985 995 2068 scribit,

227 2086 343 2184 impio
382 2086 522 2172 militi,
561 2119 585 2162 a
623 2089 732 2187 lapide
756 2085 933 2183 transmiffo
958 2114 997 2159 etr

227 2192 394 2288 Maagoaa
418 2191 616 2267 contritum
643 2207 750 2290 caput
779 2189 903 2265 fuisse.
945 2191 995 2262 Il·

1108 1475 1220 1556 belli,
1247 1493 1324 1548 tum
1351 1475 1415 1549 alii
1445 1479 1560 1549 Duces
1602 1477 1779 1565 minores,
1820 1478 1874 1548 al·

1107 1598 1161 1653 ter
1187 1576 1289 1651 alteri
1316 1576 1424 1676 gradu
1459 1579 1495 1650 &
1532 1576 1746 1651 ausioritate
1773 1594 1874 1652 ante·

1107 1683 1224 1754 latuS.
1260 1679 1468 1768 Centenarii‚
1509 1677 1603 1777 quali
1639 1679 1876 1772 Centuriones,

1108 1781 1265 1856 centenis
1292 1780 1472 1854 militibus
1507 1800 1716 1882 praeerant.
1755 1781 1874 1852 Mille·

1108 1885 1195 1957 narii
1213 1882 1391 1956 millenis.
1418 1883 1558 1956 Comiter
1580 1881 1782 1959 universum
1804 1884 1879 1957 Po-

1109 1989 1253 2086 pulum,
1279 2010 1324 2058 ex
1351 1982 1453 2058 Urbe
1479 1981 1519 2062 ἃ
1544 2011 1630 2161 agro
1652 1983 1714 2059 suo
1733 2008 1877 2057 coacer-

1110 2108 1230 2162 vatum
1244 2136 1256 2170 ,
1283 2087 1321 2161 in
1349 2087 1445 2160 bello
1470 2084 1574 2162 dusla
1601 2105 1687 2160 ant.
1712 2081 1878 2171 Gellaldii

1109 2188 1203 2265 idern
1246 2187 1481 2288 praestabant.
1529 2187 1784 2264 Erant-etiam
1813 2188 1881 2257 Ve-

225 2288 410 2369 lie-etiam
439 2291 609 2395 scriptum
637 2314 724 2393 puto
743 2322 782 2365 eu
804 2298 996 2388 Margana:
1038 2295 1073 2372 C
1109 2291 1267 2380 uilliferi,
1303 2289 1373 2364 five
1411 2288 1596 2384 Signiferi.
1635 2288 1812 2390 Agnellus
1837 2283 1880 2361 in

90 2436 96 2446 ·
226 2418 310 2469 nam
336 2395 574 2487 Theophanes
600 2395 638 2468 in
675 2391 996 2491 chronographia,

229 2518 336 2591 quum
365 2495 505 2570 Auiior
529 2493 715 2570 Miscellue
741 2493 911 2568 Latinam
944 2491 996 2566 sa·

230 2594 310 2687 est,
337 2596 442 2676 haber
472 2609 523 2673 rat
549 2606 613 2671 us·
643 2609 679 2668 aa
714 2609 743 2666 t.
762 2608 798 2666 ‚a
827 2606 999 2679 Mammas

229 2712 412 2788 arnosto«,
449 2704 536 2779 idest
560 2734 599 2776 ere
622 2704 833 2797 manganieo,
878 2703 999 2801 supple

231 2823 411 2896 tumeam,
455 2805 520 2879 nili
549 2804 589 2880 &
615 2803 668 2879 ibi
695 2802 864 2902 scriptum
891 2803 1000 2878 fuerit

231 2914 262 2972 t.
277 2915 313 2974 a&
331 2919 492 2991 muta.
520 2907 617 2982 ldern
645 2903 776 3003 quippe
802 2906 1000 2983 Historicus

234 3009 277 3088 all
305 3012 453 3088 Annum
482 3009 583 3084 Xlll.
609 3005 814 3084 Constantii
850 3007 999 3110 Augusti

231 3136 408 3190 memorat
441 3126 576 3202 usuum
595 3125 789 3196 risjaeamta,
826 3117 1002 3205 Mangana

231 3215 331 3286 earnis
354 3221 501 3312 generis.
529 3217 655 3291 Paullo
676 3239 817 3311 quoque
839 3211 1002 3285 Diacono
1043 3213 1076 3281 D
1116 3210 1273 3294 Populum
1300 3203 1335 3274 in
1361 3202 1504 3271 undecim
1529 3223 1660 3293 partes.
1689 3199 1886 3272 Duodecimn

233 3315 315 3391 telle
342 3319 426 3393 Lib.
450 3322 486 3398 ό.
511 3320 602 3417 Cap.
628 3340 688 3404 ao.
712 3315 755 3388 de
780 3314 873 3389 Geli.
903 3317 1000 3387 Lan·

1112 2391 1211 2465 Vitis
1239 2389 1406 2464 Pontific.
1440 2395 1716 2472 Ravennatum,
1754 2391 1880 2462 Tomo

1112 2495 1160 2566 Il.
1188 2498 1268 2567 Rer.
1297 2492 1453 2566 Italicar.
1483 2490 1607 2567 ausior
1647 2492 1693 2566 esi
1720 2495 1808 2587 Cap.
1843 2510 1880 2584 3.

1112 2594 1221 2668 Vitae
1247 2591 1368 2668 sanni
1396 2592 1553 2682 Felicis,
1579 2594 1726 2666 ineunte
1752 2591 1882 2664 Seculo

1113 2697 1216 2768 Vlll.
1243 2721 1264 2767 a
1292 2701 1497 2767 Rauennate
1537 2695 1676 2783 Populo
1701 2690 1884 2765 delebium

1114 2796 1213 2870 luisse
1249 2797 1372 2870 ducem
1402 2797 1487 2870 belli
1506 2795 1701 2896 Georgium
1744 2794 1881 2884 Julian·
1910 2859 1914 2865 .

1114 2898 1203 2974 nicii
1229 2895 1348 2972 filium
1375 2896 1414 2970 in
1442 2895 1616 2972 seditione
1642 2898 1769 2969 oborta
1786 2901 1884 2967 con·
1993 2956 1994 2959 ,

1115 3021 1169 3075 tra
1195 3005 1369 3074 Graecos.
1412 3001 1480 3072 Ille
1521 3003 1607 3073 verb
1644 2997 1686 3071 ad
1714 2994 1883 3070 excubias

1115 3123 1285 3174 armatam
1327 3119 1468 3201 gentem
1516 3102 1716 3181 locaturus,
1764 3094 1884 3180 diuisis

1114 3311 1190 3376 vero
1213 3328 1290 3401 pars
1315 3301 1472 3389 Ecclesiae
1495 3303 1540 3390 esi
1573 3302 1755 3395 reservata.
1792 3305 1885 3374 Unu-

232 3418 421 3519 gobardor.
454 3423 644 3521 Aripertus
692 3421 768 3492 lien
810 3422 1004 3512 Pergamum
1110 3408 1258 3502 fauisque
1283 3407 1374 3477 miles
1403 3405 1576 3496 secundiane
1609 3405 1705 3495 suam
1729 3402 1887 3474 militiam

231 3520 373 3612 assedit,
413 3549 543 3621 eamque
580 3521 758 3610 arietibus,
794 3516 848 3598 (φ
867 3512 1004 3600 diversis

234 3621 314 3797 iim
328 3627 481 3698 machinis
495 3647 704 3724 oppugnans,
730 3647 805 3711 rum¹
819 3621 920 3714 cepit.
947 3624 1002 3690 lta

302 3725 509 3802 Ludouicus
547 3729 593 3799 ll.
631 3723 805 3819 Augustus
830 3719 848 3817 s
872 3718 927 3792 uti
959 3715 1003 3792 li·

235 3828 315 3905 dem
344 3824 430 3904 facit
456 3836 671 3926 Anonymus
697 3823 936 3901 Salernitanus
964 3821 1003 3894 in

235 3929 496 4030 Paralipomen.
526 3937 615 4030 Cap.
645 3954 706 4026 92.
736 3931 828 4000 Part.
854 3928 900 3998 ll.
926 3926 1004 3996 Το-

1116 3508 1164 3587 &¹
1191 3513 1366 3581 Numerum
1391 3510 1536 3580 incedat.
1571 3506 1655 3593 ldell
1690 3514 1886 3596 Rauenna,

1117 3617 1255 3685 Bandur
1271 3611 1416 3707 ptitnus,
1436 3613 1575 3682 Bandus
1593 3609 1748 3702 secamus
1758 3657 1771 3689 ,
1790 3611 1886 3678 Ban-

1116 3719 1178 3786 dus
1205 3717 1347 3792 Novus,
1381 3709 1554 3798 invisius,
1593 3705 1887 3798 Constantinopoli·

1118 3837 1234 3894 tannt,
1270 3815 1448 3900 firmans,
1483 3817 1624 3900 ἱστίας,
1659 3811 1889 3880 Mediolanen-

1112 3914 1185 4000 βε,
1213 3911 1422 3994 Veronensis,
1447 3907 1638 4004 classensis.
1664 3917 1777 3983 Partes
1800 3917 1886 3981 Pen-

235 4033 288 4109 mi
316 4035 363 4103 ll.
391 4037 471 4105 Rer.
496 4034 688 4124 italicar.)
727 4028 908 4096 Civitatem
934 4030 1004 4097 Ba·
1092 4013 1218 4113 ¹risieis
1241 4041 1311 4085 eum
1334 4012 1489 4095 Clerieis,
1519 4039 1589 4086 tum
1614 4018 1726 4086 bonore
1749 4013 1891 4110 dignis,

234 4133 441 4215 eim'nariis
474 4131 630 4203 melinis
664 4149 842 4224 expugnare
882 4127 1005 4220 eoepit.
1048 4120 1079 4192 E
1119 4120 1164 4189 θ
1183 4117 1345 4209 familia,
1384 4117 1429 4187 Θ·
1466 4113 1691 4209 Strararibur,
1729 4112 1891 4187 velastis

95 4309 97 4312 ,
239 4239 337 4314 Idem
365 4241 449 4310 verb
475 4237 563 4333 Cap.
593 4256 675 4325 114
700 4228 919 4306 obsidionem
945 4231 1006 4301 Sa·

128 4337 132 4343 ⁷
238 4340 331 4417 lerni
371 4337 603 4420 describens,
651 4332 774 4408 eodem
816 4329 1007 4407 Ludouico

238 4442 435 4521 imoerante
461 4440 591 4515 fabiam
626 4430 781 4534 sciibit;
822 4436 1008 4534 Agarenos

237 4547 452 4628 Muellerum,
478 4571 573 4639 quam
599 4567 653 4612 nos
679 4536 860 4611 Petrariam
887 4561 1008 4607 nuncn-

235 4651 377 4752 pitmns‚
401 4640 598 4737 construxisse
620 4640 722 4714 mirae
746 4638 1008 4734 magnitudinis,

239 4779 278 4829 ut
294 4752 410 4827 turrim
423 4778 520 4824 unam
534 4766 739 4822 atterentem.
760 4741 875 4817 Addit
896 4737 1008 4815 Chri·

240 4856 379 4933 stianos·
394 4857 432 4933 in
456 4856 565 4927 eddam
590 4849 674 4923 turri
699 4849 785 4920 illico
819 4839 1010 4917 munitam

244 4960 390 5032 alteram
417 4952 645 5046 construxisse.
670 4955 767 5048 Ergo
798 4960 876 5018 -non
905 4951 1010 5014 Man·

239 5085 331 5158 gana
357 5085 376 5131 a
403 5062 563 5133 Machina
588 5079 677 5125 voce
711 5042 911 5123 Graeci&
937 5048 1010 5119 La·

244 5161 497 5237 riatvaranatte
525 5158 692 5231 uidetur.

1114 4219 1354 4311 subiacentibus
1379 4218 1547 4303 Eccleliis.
1584 4223 1635 4290 Et
1658 4219 1731 4290 haee
1756 4216 1892 4287 ardinn-

1120 4322 1166 4391 tio
1196 4343 1363 4418 permanet
1396 4322 1490 4415 usque
1516 4319 1550 4389 in
1567 4319 1760 4408 praesentem
1778 4317 1887 4391 diem.

1122 4427 1176 4496 lta
1203 4425 1381 4522 Agnellus
1406 4421 1552 4494 circiter
1579 4422 1724 4491 Annum
1752 4414 1889 4492 Christi

1124 4529 1340 4601 Dcccxl..
1368 4520 1562 4594 scribebat.
1588 4522 1685 4619 Ergo
1710 4519 1751 4591 in
1776 4518 1889 4592 unde·

1122 4629 1194 4702 cim
1221 4644 1357 4698 turmas
1382 4621 1452 4695 siue
1487 4619 1646 4720 legiones
1671 4638 1734 4694 aut
1759 4619 1890 4694 cohor-

1122 4748 1176 4803 tes
1211 4726 1399 4822 (Numeres
1423 4720 1452 4795 ii
1480 4723 1740 4822 appellabant)
1776 4721 1890 4824 parti·

1123 4848 1181 4902 tus
1217 4826 1264 4902 eh
1300 4831 1383 4900 Dux
1412 4830 1655 4900 Rauennatem
1687 4828 1888 4926 Populum.

1124 4933 1193 5007 Uti
1234 4956 1327 5005 nune
1372 4926 1597 5029 legionibus,
1636 4955 1723 5027 quas
1762 4926 1891 5020 Reggr’-

1123 5035 1226 5107 smmi
1261 5030 1513 5136 appellamus,
1564 5029 1664 5108 suum
1714 5025 1892 5128 peculiare

1774 5151 1841 5200 no·
