4214 6014
281 397 365 483 27⁷
603 358 974 450 nissaarnrrn
1003 360 1497 457 arcaarnasrrrn.
1729 399 1815 484 278

220 486 356 574 auxit,
397 499 439 557 ut
472 479 510 557 in
548 482 699 556 Nobiles
735 480 988 584 insurgerent,
1024 489 1055 560 Α
1100 509 1141 559 ac
1177 484 1274 558 bello
1310 483 1486 570 insistere,
1523 483 1681 585 quilibet
1717 490 1776 559 rel
1815 511 1875 563 tne

221 587 350 685 eosque
375 584 551 660 interdurn
580 611 624 658 ex
653 584 828 658 bonorum
859 612 898 660 ac
927 614 988 686 po·
1101 605 1244 660 tacente
1280 585 1478 688 intelligit.
1513 593 1633 683 Quare
1672 585 1781 663 satius
1814 587 1874 664 rri-

223 686 357 766 teslatis
383 687 636 761 communione
663 684 918 763 deturbarent.
947 690 988 766 In
1103 689 1177 764 sum
1204 687 1276 781 est,
1302 692 1464 765 cohortes
1485 718 1524 766 ac
1551 690 1709 790 legiones
1738 716 1874 792 pugna·¹

221 789 424 885 Quannia,
465 788 535 862 srve
571 791 717 860 Serennia
752 789 869 864 dividi
906 819 989 865 con·
1104 811 1222 867 torum
1270 791 1456 868 hominum
1503 792 1720 868 conscribere
1766 812 1874 892 atque

221 891 363 967 suevere
390 893 525 964 multae
551 917 596 964 ex
626 889 806 982 Urbibus,
843 892 923 988 (uti
950 921 988 967 o·
1105 893 1320 977 conducere,
1347 895 1475 992 quibus
1502 893 1672 994 stipendia
1699 895 1876 996 depende·
1959 891 1962 895 ⁵

220 993 288 1069 lim
315 993 354 1066 in
382 993 565 1088 Regiones,
595 993 765 1066 Romanis
792 997 920 1093 Rioni)
946 995 992 1069 iis
1106 996 1234 1070 bantur
1268 1025 1288 1072 e
1323 997 1469 1072 tributis
1512 995 1672 1097 Populi,
1716 1024 1798 1096 pace
1834 994 1874 1074 δί

221 1094 402 1170 attributo
430 1093 576 1167 nomine
604 1115 666 1168 aut
693 1122 712 1167 a
740 1093 928 1192 praecipuo
955 1124 991 1170 a·
1106 1098 1227 1195 quiete
1251 1094 1420 1174 fruentis.
1450 1103 1593 1174 Noram
1623 1095 1712 1171 hanc
1734 1098 1876 1172 metho-

222 1197 329 1293 liquo
356 1198 535 1293 Templo,
563 1216 625 1270 aut
652 1222 672 1269 a
703 1198 818 1271 Portis
846 1195 990 1273 Civita·
1108 1198 1190 1272 dum
1234 1202 1417 1300 praecipue
1455 1197 1727 1277 commendabat
1762 1200 1878 1272 Gual·

224 1297 297 1378 tis,
335 1315 394 1369 aut
420 1298 464 1370 ab
492 1297 564 1371 alio
599 1297 722 1396 aliquo
759 1298 876 1398 figno.
913 1301 991 1374 Sin·
1110 1327 1240 1374 vaneus
1267 1302 1308 1376 de
1335 1307 1368 1376 la
1397 1306 1557 1377 Flamma
1584 1305 1622 1377 in
1642 1300 1811 1402 Opuscul.
1833 1298 1878 1374 de

224 1401 321 1574 gplis
347 1397 404 1472 sua
433 1402 578 1472 Vexilla
615 1404 649 1472 &
689 1399 840 1500 lnfignia
867 1421 992 1484 erant,
1033 1400 1060 1471 B
1109 1404 1180 1492 reb.
1218 1405 1297 1497 qest.
1327 1407 1465 1479 Azonis
1493 1403 1759 1484 vicecomitis,
1796 1405 1877 1478 To·

302 1499 442 1596 quotics
477 1499 650 1575 obsidioni
692 1500 841 1603 alicujus
878 1503 991 1583 castri

222 1605 420 1675 vacandum
448 1623 543 1686 erat,
580 1605 687 1678 modo
726 1607 880 1703 Populus
906 1609 991 1681 dua·

224 1728 304 1779 turn
333 1706 543 1794 Portarum,
579 1710 687 1779 modo
722 1728 899 1803 quatuor,
937 1712 991 1811 ju-

228 1803 378 1877 bebatur
405 1807 493 1879 illuc
521 1808 703 1881 accedere.
737 1808 904 1884 Universr
932 1841 992 1886 au·

225 1922 300 1978 tem
329 1907 371 1979 ad
399 1904 494 1980 arma
523 1907 797 2009 consurgebant,
825 1909 847 1982 sr
876 1914 994 2012 gravis

229 2009 350 2106 aliqua
388 2008 568 2083 necessetas
606 2031 666 2084 aut
704 2013 898 2110 periculum
938 2016 993 2087 in·

228 2112 398 2208 gruebat.
428 2115 595 2185 Italicum
625 2134 741 2186 autern
770 2140 899 2188 nomen
922 2120 996 2187 Sol-

226 2214 302 2283 alarr'
328 2213 411 2285 inde
435 2214 610 2314 originem
638 2210 777 2307 sumsit,
805 2217 900 2317 quod
928 2217 996 2292 mi·

1110 1531 1169 1577 mo
1198 1509 1279 1578 llll.
1308 1534 1384 1607 pag.
1417 1531 1523 1603 1040.
1554 1512 1683 1582 Rerum
1716 1502 1877 1580 Italicae.

1110 1605 1170 1680 ubi
1199 1609 1398 1692 laudabiles,
1422 1610 1691 1684 consuetudines
1718 1635 1737 1681 a
1766 1605 1878 1679 Vice-

1109 1707 1302 1782 comitibus
1342 1731 1425 1783 ante
1461 1715 1608 1785 Annum
1648 1711 1880 1784 Mcccxt..

1108 1808 1266 1884 invesias
1294 1810 1485 1887 describit.
1522 1815 1674 1909 Quinta,
1710 1811 1790 1902 ait,
1826 1810 1878 1882 lex

1109 1915 1152 1999 esi
1163 1960 1175 1992 ‚
1211 1917 1293 2006 quod
1321 1920 1460 2009 Populus
1494 1929 1538 1986 aa
1564 1918 1649 1988 bella
1676 1941 1738 1984 non
1770 1936 1878 2009 proce-

1109 2022 1189 2093 dat,
1210 2012 1270 2103 sed
1290 2016 1486 2086 dominarer
1507 2017 1576 2105 suis
1602 2016 1771 2111 operibus:
1794 2012 1879 2108 quod

1110 2111 1264 2185 bullenus
1283 2118 1365 2187 male
1386 2116 1455 2204 fuir
1474 2115 1661 2206 servatum.
1680 2115 1773 2208 ,Quin
1793 2110 1879 2183 omni

1111 2241 1224 2304 anno,
1264 2213 1312 2294 (φ
1345 2217 1529 2306 specialiter
1567 2238 1701 2312 ternpore
1741 2214 1880 2308 meffirrrn

227 2312 335 2411 lites,
361 2316 475 2388 exteri
506 2316 731 2412 praesertim,
768 2319 886 2421 coepti
918 2319 997 2393 sunt
1033 2340 1065 2413 c
1111 2317 1460 2492 {i'uvendemjarrrmi'
1481 2343 1541 2486 qap
1569 2314 1880 2490 sdffiss‘gesis

1134 2447 1148 2488 e
1178 2450 1197 2491 a
1222 2441 1309 2510 proce
1333 2445 1402 2509 ere,
1460 2442 1518 2509 opu
1535 2446 1572 2490 nr
1593 2448 1654 2491 rer
1689 2446 1718 2490 rs
1741 2440 1881 2515 propriu
1963 2434 1968 2445 ‘

139 2511 143 2517 .
227 2415 402 2498 conduci,
438 2418 567 2514 quibus
604 2438 697 2493 certa
723 2422 929 2512 Salinarum,
965 2422 995 2498 i-

227 2515 297 2589 dest
325 2521 515 2614 pecuniae,
554 2519 687 2596 summa
726 2521 869 2623 fingulis
897 2552 996 2598 men·

227 2616 318 2694 fibus
346 2620 571 2718 persolvenda
600 2624 901 2700 constituebatur.
939 2630 997 2700 Ac

227 2742 419 2820 propterea·
438 2723 475 2799 id
513 2752 620 2825 genus
659 2747 895 2825 pugnatores,
932 2728 995 2827 qui

227 2819 401 2912 slipendio
423 2831 624 2908 merebant,
652 2831 809 2901 solidarii
833 2857 997 2927 quoque,

227 2925 394 3006 Saldarii,
420 2930 604 2998 soldanerii
630 2927 709 3000 sunt
737 2932 927 3027 appellati.
957 2935 998 3001 ln

227 3019 415 3100 Chronico
433 3028 682 3110 Urbevetano,
698 3033 819 3102 Tomo
838 3034 902 3103 xv
931 3037 999 3104 Re·

1111 2519 1289 2611 artificiis,
1330 2548 1397 2592 cum
1437 2524 1537 2592 multo
1575 2521 1791 2610 discrimine,
1832 2519 1878 2590 Θ·

1111 2624 1223 2694 multis
1250 2622 1389 2719 expenstr
1419 2627 1529 2712 [labat
1556 2623 1658 2719 snpra
1691 2623 1879 2695 civicarum

1110 2723 1284 2808 obsidiones
1311 2726 1355 2795 θ
1386 2726 1634 2797 innumerabilia
1669 2726 1790 2796 damna
1825 2722 1880 2793 in·

1110 2823 1304 2907 currebant,
1346 2823 1394 2903 &⁹
1431 2827 1622 2923 praecipue,
1663 2827 1740 2922 quia
1780 2825 1880 2897 multo

1112 2949 1246 3023 tempore
1273 2930 1308 2998 in
1335 2930 1456 3000 talibus
1483 2930 1632 3000 bellorum
1652 2926 1806 2999 exercitiis
1828 2951 1880 2998 oc·

1113 3029 1331 3123 carpebantur.
1360 3028 1486 3102 Sed&
1516 3048 1651 3128 praeter
1679 3027 1813 3101 milites
1839 3026 1881 3099 in

170 3137 174 3140 ’
224 3151 303 3200 rum
344 3129 498 3202 ltalicar.
535 3131 577 3204 ad
616 3135 762 3205 Annum
805 3136 997 3208 Mccct..
1114 3130 1190 3204 acie
1207 3131 1370 3207 ordinata
1393 3150 1609 3232 pugnantes,
1631 3131 1772 3203 Ribalai
1791 3152 1882 3226 quo-

225 3252 334 3326 quum
364 3232 465 3305 illius
494 3230 609 3306 Urbis
649 3236 802 3325 Populus
839 3235 997 3332 progres·
1023 3252 1070 3323 ,1)
1113 3260 1181 3333 que
1208 3233 1298 3306 olim
1327 3234 1624 3323 numerabantur,
1661 3231 1734 3305 vile
1762 3228 1883 3304 homi·

226 3329 281 3404 sus
317 3332 399 3406 esset
437 3335 481 3405 ad
523 3336 796 3434 oppugnandum
836 3336 996 3409 Castrum
1115 3361 1198 3405 num
1228 3360 1359 3433 genus,
1387 3338 1529 3408 calones
1554 3360 1702 3431 nempe,
1730 3331 1784 3405 scd
1810 3356 1916 3404 nort⁴

229 3433 396 3517 Parrani,
426 3433 564 3507 Auslor
584 3434 668 3509 lraec
689 3440 896 3510 adnotavit:
927 3443 995 3508 Fu·
1115 3433 1235 3508 infimi
1262 3435 1341 3510 usus
1368 3436 1407 3509 in
1436 3437 1557 3516 bello,
1592 3451 1717 3531 utpote
1752 3431 1813 3527 qui
1841 3428 1887 3503 ad

224 3538 259 3605 ra
286 3537 413 3606 intorno
439 3570 458 3606 a
487 3544 632 3608 Parrano
658 3563 718 3630 pur
739 3539 806 3628 solo
832 3539 1000 3609 Cirraalini
1118 3534 1223 3607 instar
1248 3537 1402 3609 velitum
1432 3559 1584 3634 pugnam
1612 3529 1823 3631 quandoque
1849 3530 1884 3604 i·

226 3636 265 3708 eli
290 3637 421 3708 Orviero
448 3659 533 3727 censo
561 3658 666 3706 erenra
692 3637 885 3724 cavalleri,
912 3657 1001 3708 erre
1118 3633 1264 3706 aibant.
1293 3641 1416 3735 Atque
1452 3635 1537 3708 illos
1563 3633 1703 3709 sortasse
1729 3630 1886 3734 designat

227 3736 310 3808 mila
345 3739 488 3825 Pedoni,
526 3738 578 3808 che
614 3764 674 3806 non
700 3764 742 3809 oe
767 3765 806 3808 ne
839 3739 876 3828 {u
912 3739 1002 3809 nullo
1119 3734 1334 3811 Albertinus
1375 3734 1551 3810 Mussatus
1593 3735 1677 3811 Lib.
1718 3759 1774 3810 ιο.
1815 3738 1890 3810 nu-

226 3840 385 3912 Soldaro.
427 3836 542 3913 Cives
578 3858 722 3922 aurem,
763 3840 820 3935 qai
853 3841 1002 3913 continue
1119 3836 1205 3933 bric.
1244 3860 1263 3932 ς
1319 3836 1451 3914 Histor.
1478 3836 1681 3938 Augustae,
1717 3838 1800 3908 dum
1829 3859 1890 3908 eos

226 3944 377 4014 tenebant
407 3968 497 4037 equos
526 3945 566 4012 U
596 3942 757 4014 militaria
782 3968 899 4023 arma,
936 3944 998 4012 im·
1117 3941 1274 4039 appellat
1310 3941 1525 4013 Mercenarior
1561 3939 1648 4011 leuis
1682 3958 1891 4019 armaturae,

227 4047 417 4113 munitatem
455 4043 615 4114 habebant
651 4077 670 4116 a
704 4044 817 4116 Datiis
852 4044 997 4135 larium,
1113 4044 1253 4139 praedae
1289 4065 1441 4140 rapaces.
1478 4042 1543 4114 Eis
1579 4037 1783 4140 impolitum
1822 4037 1891 4114 hoc

230 4145 273 4214 Θ
295 4146 499 4215 abamnibus
519 4147 662 4215 oneribus
683 4145 998 4244 rullrrrrrrm;quae
1036 4149 1066 4221 E
1118 4169 1247 4217 nomen
1284 4165 1373 4240 puto
1409 4170 1453 4217 ex
1493 4143 1640 4243 antiqua
1676 4138 1891 4216 Germanica

177 4311 180 4315 ,
231 4261 348 4320 tamen
377 4247 429 4319 eis
458 4247 671 4346 negabatur,
699 4244 721 4316 sr
751 4248 999 4321 tantummodo

230 4351 430 4430 Roneinrrm,
451 4351 509 4441 seu
530 4349 694 4421 Paleriam
714 4378 734 4420 a
754 4350 893 4443 triginta
911 4377 998 4421 men·

225 4449 316 4537 fibris
356 4453 443 4541 infra
478 4452 636 4525 alebant.
679 4454 733 4523 lta
775 4450 813 4522 in
849 4451 1000 4525 statutis

233 4553 511 4636 Veronensibus,
539 4551 631 4654 Cap.
663 4576 743 4652 190.
772 4555 918 4646 Quanta
940 4581 1000 4627 au·

233 4669 307 4729 tem
335 4654 561 4729 incommoda
597 4662 633 4730 in
676 4659 849 4740 Populum
879 4653 1000 4730 efflue·

233 4775 314 4835 rent
354 4784 397 4831 ex
427 4779 583 4830 veterum
619 4777 816 4839 temporum
857 4760 1001 4833 consue·

233 4855 384 4935 tudine,
411 4886 478 4954 qua
510 4855 738 4931 Artifices&
766 4862 920 4943 Rustici,
946 4861 999 4936 di·

234 4957 346 5038 miffis
384 4961 499 5032 oneris
539 4961 628 5047 luis,
665 4979 735 5032 tam
774 4959 870 5061 saepe
898 4988 1002 5060 coge-

237 5063 366 5144 bantur
403 5063 441 5136 in
478 5063 592 5139 aciem
627 5064 663 5137 δι
698 5060 804 5142 casira
838 5063 1002 5168 prodire,

338 5172 431 5246 Tem.
458 5171 499 5246 V.
848 5194 851 5199 ·

1118 4270 1207 4317 voce
1243 4247 1357 4332 Bald,
1394 4271 1483 4342 quae
1509 4241 1550 4317 ἃ
1578 4243 1668 4332 apud
1706 4240 1892 4313 Otsridum

1120 4341 1387 4418 verutiffimum
1415 4348 1490 4447 ejus
1518 4343 1635 4445 gentis
1660 4344 1804 4414 Poetarn
1830 4364 1893 4415 oc·

1119 4446 1254 4535 currit,
1291 4444 1510 4547 significante
1549 4444 1665 4520 virum
1707 4449 1893 4532 audacem,

1119 4547 1321 4639 animosam,
1359 4548 1481 4623 addito
1511 4557 1561 4622 Re
1588 4545 1629 4621 ad
1658 4563 1894 4648 augmentum

1120 4649 1193 4725 rei.
1222 4649 1437 4724 Rilaldorum
1463 4650 1595 4748 quippe
1632 4647 1703 4723 suit
1739 4646 1894 4724 excelle·

1121 4780 1157 4828 re
1194 4752 1358 4825 audacis.
1399 4753 1671 4826 praecurrebant
1707 4749 1738 4825 ii
1778 4745 1895 4831 acies,

1121 4855 1263 4954 praedas
1290 4852 1562 4930 convehebant,
1600 4856 1716 4951 prima
1755 4847 1896 4944 proelia
1928 4860 1930 4865 '

1121 4957 1332 5048 tentabant,
1370 4954 1493 5054 sponte
1520 4951 1582 5049 ipsi
1610 4951 1716 5027 casira
1743 4948 1896 5051 sequen·

1121 5081 1174 5139 tes
1189 5111 1201 5146 ,
1232 5059 1330 5163 saepe
1356 5057 1468 5136 etiam
1494 5054 1668 5160 stipendio
1695 5054 1897 5147 condunt,

1213 5167 1247 5258 R
1707 5161 1836 5260 frater

1938 5482 2061 5608 fl
