4214 6014
255 331 334 417 543
533 303 1512 428 Antrourrmnnrranvr
1699 346 1785 434 544

191 420 302 496 TsO.
330 419 386 495 Ita
412 423 545 522 quippe
572 443 657 500 tunc
686 428 858 526 temporis
886 436 958 501 Ar·
998 431 1034 503 A
1130 426 1277 502 Tertius
1304 448 1507 528 argenteus.
1536 433 1758 531 praecedenti
1782 462 1845 512 an·

188 523 284 595 ratim
312 522 534 601 scribebant.
571 530 739 600 Gorellus
777 528 815 603 in
843 530 959 604 Chro-

187 624 272 701 nico
298 653 317 700 a
344 651 401 699 me
426 628 529 702 edito
556 632 670 702 Tom.
701 634 781 702 XV.
819 635 897 707 Rer.
926 638 960 707 1-

190 727 327 804 talicar.
354 727 450 805 idem
479 728 626 806 tellatur
651 730 843 832 inquiens:
870 774 873 778 ·

55 992 59 999 -
193 935 223 1008 ll
248 960 323 1006 vero
349 962 437 1008 nome
463 936 525 1008 mio
549 936 586 1026 su
606 937 728 1034 [empre
752 939 875 1030 ,Ανὶχῖο

241 1042 304 1109 Per
343 1038 373 1106 le
408 1037 594 1132 molr’are‚
634 1039 681 1112 ch¹
698 1067 776 1112 eran
813 1043 865 1113 nel
901 1041 963 1113 arrio

347 1161 473 1221 renero,

247 1246 342 1314 Dave
367 1243 437 1340 agli
463 1243 527 1316 Der'
545 1243 578 1330 st
598 1244 689 1334 facea
709 1243 899 1341 sacrifizio.

194 1445 259 1522 Sed
287 1445 325 1520 in
353 1446 548 1521 nummulis
575 1447 684 1523 aereis
723 1446 840 1522 minus
868 1447 961 1522 anti·

195 1549 299 1647 quis,
326 1566 366 1622 ut
393 1548 485 1621 mihi
513 1549 605 1622 idem
637 1547 768 1623 Redius
791 1549 960 1628 ostendit»

196 1648 418 1749 elegantius,
445 1652 478 1728 ἃ
507 1650 548 1725 ad
589 1650 693 1726 sidem
734 1651 959 1744 antiquarum

195 1750 472 1848 Inscriptionum
500 1749 742 1850 scriptumest
778 1755 843 1824 DE
870 1755 960 1826 AR·

370 2058 792 2154 ascunum

1079 526 1244 626 tiquior,
1277 555 1379 628 penes
1405 533 1586 607 laudatum
1617 540 1717 625 ,Juris
1745 543 1843 613 Con·

1077 628 1210 704 sultum
1248 630 1473 720 Joachinium
1507 637 1845 737 forosempronien·

1078 729 1172 822 sem,
1199 731 1237 806 in
1260 733 1378 807 antica
1397 735 1541 811 exhibet
1565 740 1686 814 literas
1706 745 1845 818 MAR-

1076 836 1210 909 TlNur
1252 837 1423 911 PAPA.
1475 837 1685 917 Pontisiciae
1724 845 1844 920 claves

1078 935 1179 1028 supra
1222 935 1403 1011 visuntur.
1444 938 1487 1014 In
1527 940 1676 1041 pollica:
1718 950 1752 1019 S.
1791 951 1842 1020 E·

1077 1036 1274 1134 MlgDr'ur‚
1302 1038 1495 1140 Episcopus
1522 1068 1648 1142 nempe
1675 1045 1844 1133 sanetus.

1054 1141 1111 1211 ’δι
1141 1158 1307 1239 patronus
1333 1142 1509 1217 Civitatis
1536 1148 1600 1218 DE
1628 1149 1844 1226 ESCVLO.

1078 1241 1165 1313 Veri
1194 1241 1336 1316 videtur
1361 1241 1498 1324 finisse,
1534 1250 1729 1344 percussum
1756 1247 1844 1325 suis-

1007 1343 1035 1414 Β
1076 1339 1109 1412 se
1151 1345 1385 1433 Nummum,
1431 1343 1571 1421 sedente
1611 1353 1762 1425 Martiae
1803 1358 1843 1428 V.
1907 1385 1911 1392 ·

1077 1443 1253 1516 Pontifice
1280 1445 1475 1520 Maximo.

1102 1547 1293 1654 *Quartus*
1309 1567 1493 1646 argenteus
1518 1552 1654 1626 Romae
1679 1550 1842 1631 adserua-

1074 1645 1447 1824 tmszu
1470 1650 1840 1832 unnu-

1077 1775 1134 1921 κη
1146 1853 1384 1941 sionim,
1421 1803 1506 1927 td'en
1531 1854 1691 1929 normas
1714 1784 1842 1951 limis

1076 1947 1200 2023 Asculi
1239 1952 1441 2027 Dominus.
1478 1958 1519 2027 ln
1556 1958 1683 2054 postica
1720 1965 1752 2034 S.
1789 1965 1840 2037 E·

1076 2053 1253 2127 Mtnlvs
1293 2058 1358 2129 DE
1401 2059 1630 2133 ESCVLO.
1671 2063 1838 2138 Alterum

1075 2151 1225 2226 similem
1264 2157 1411 2255 possidet
1448 2162 1582 2234 Romae
1619 2162 1753 2255 nobilis
1790 2169 1840 2239 E-

301 2263 429 2337 Sensum
448 2288 588 2360 quoque
606 2258 750 2348 Piceni,
772 2259 840 2335 slve
859 2262 959 2334 Mar·
1000 2255 1034 2327 C
1075 2283 1159 2355 ques
1208 2257 1410 2334 franciscus
1463 2259 1678 2338 Vifilorius.
1728 2266 1838 2365 Apud

328 2365 427 2440 chiae
454 2362 701 2437 Anconitanae
726 2361 891 2451 Civitas,
919 2389 959 2435 o·

195 2469 260 2542 lim
291 2468 366 2569 jure
392 2470 562 2540 Monetae
590 2463 797 2547 fruebatur,
835 2463 889 2537 uti
916 2462 958 2537 fi-

150 2569 274 2667 Xdem
312 2569 419 2642 saciet
461 2572 639 2643 Nummus
676 2590 815 2649 aereus,
851 2592 956 2663 quem

195 2669 237 2744 ad
275 2696 332 2744 me
368 2666 461 2742 misit
505 2668 691 2839 Philippus
732 2668 957 2741 Camerinius

195 2771 356 2846 Oratorii
383 2767 599 2845 Camerinen
614 2795 641 2841 1s
671 2770 873 2860 Presbyter,
901 2766 958 2840 uir

195 2872 346 2958 domus.
387 2871 426 2946 ὅ(
465 2869 722 2968 antiquitatum
763 2866 957 2943 amantissi-

195 3002 297 3050 mus.
325 2972 460 3048 Visitur
494 2973 546 3045 ibi
583 2971 621 3046 in
649 2996 726 3045 area
758 2969 957 3070 prospeslus
1009 3039 1013 3045 .

195 3083 356 3159 Portae,
396 3073 466 3148 sive
507 3073 665 3164 Pontis,
705 3092 766 3146 aut
806 3073 957 3170 alicujus

1075 2384 1177 2456 quem
1207 2361 1314 2432 etiam
1343 2359 1497 2436 existunt
1522 2362 1593 2436 duo
1619 2362 1683 2440 alii
1721 2370 1840 2442 Num·
1919 2453 1923 2461 ,

1076 2461 1126 2532 mi
1154 2458 1352 2551 Asculani,
1388 2462 1425 2536 in
1463 2481 1612 2559 quorum
1643 2466 1758 2559 primo
1787 2474 1840 2544 le·

1072 2562 1170 2660 gitur
1200 2565 1265 2634 PP.
1286 2568 1315 2635 S.
1346 2568 1575 2639 EMIDIVS.
1605 2571 1669 2640 DE
1696 2573 1842 2643 ESCV-

1051 2667 1162 2736 to.
1199 2662 1239 2735 In
1276 2666 1388 2737 altero
1426 2669 1663 2745 EVGENlV.
1693 2674 1837 2746 PAPA.

1074 2768 1105 2837 S.
1134 2767 1318 2838 Emmn).
1346 2769 1393 2840 D.
1420 2770 1637 2846 ESCVLO.

1172 2971 1615 3048 .nsTA.

193 3179 315 3255 turriti
356 3173 547 3254 aedificii.
587 3171 737 3246 Circum
778 3171 956 3244 ducuntur
998 3161 1033 3229 D
1150 3166 1294 3238 Rimum
1335 3167 1496 3240 Civitatis
1530 3172 1679 3257 Assenfir
1720 3183 1839 3254 Num.

192 3283 257 3356 bae
284 3283 409 3354 literae
439 3282 503 3351 DE
530 3275 791 3360 ASCHOLO.
828 3272 953 3344 Altera

194 3384 300 3458 sacies
327 3379 480 3458 Crucem
509 3376 675 3457 exhibet,
701 3371 740 3448 in
767 3371 866 3472 cujus
893 3398 952 3446 an·

192 3485 287 3660 pulis
324 3484 443 3560 Lasia.
480 3476 703 3582 Epigraphen
739 3500 867 3577 aerugo
894 3477 954 3550 ab·

209 3586 440 3758 unSlscttindum
462 3682 573 3768 addo,
601 3679 641 3754 in
667 3681 793 3756 Museo
813 3683 956 3754 Bertac-

192 3783 315 3859 chinio
340 3770 775 3859 Mutinaeadservatum.
803 3777 956 3876 Insignis
1006 3826 1008 3830 -

193 3883 375 3983 gentilitia
403 3879 589 3958 Pontificis
617 3906 697 3953 cum
725 3877 953 3953 clavibus&

191 3985 369 4076 Triregno
409 3978 630 4072 superpositis
669 3978 720 4052 ibi
762 3972 951 4061 ¹visuntur.

189 4083 232 4153 ln
260 4076 373 4148 limbo
401 4078 604 4149 Ana...
639 4075 677 4144 P.
703 4074 758 4144 Μ.
787 4066 951 4142 Fortuffis
991 4047 1020 4115 E

192 4176 362 4279 percussus
398 4174 445 4250 esl
480 4176 658 4248 Nummus
693 4169 738 4246 ab
762 4169 952 4244 Alexandro

195 4285 249 4356 Vl.
280 4283 370 4375 Papa
398 4276 459 4354 sub
485 4273 600 4352 finem·
620 4272 737 4351 Seculi
762 4297 782 4347 a
808 4267 952 4347 Chrislo

191 4401 277 4460 nato
304 4379 447 4458 Decimi
474 4376 634 4480 quintii.
671 4380 713 4453 In
739 4373 867 4478 pollice
893 4373 951 4450 ri-

191 4485 275 4561 fitur
302 4484 434 4567 Porta,
468 4506 549 4557 cum
576 4480 713 4556 duobus
739 4472 951 4567 asteriscis,

189 4590 224 4663 Sc
251 4585 367 4665 literis
392 4587 461 4666 DE
484 4586 708 4691 ASCVLog

1171 3291 1267 3338 mum
1296 3294 1340 3340 ex
1368 3290 1514 3367 argento
1540 3274 1574 3343 8<
1596 3301 1672 3346 aere
1700 3278 1837 3353 confla-

1070 3387 1184 3460 tum,
1234 3367 1327 3444 mihi
1379 3369 1617 3470 suppeditavit
1666 3374 1834 3454 Museum

1071 3469 1330 3570 Chiappinium
1374 3473 1656 3550 Placentinum.
1698 3479 1834 3555 Antica

1073 3570 1112 3646 in
1140 3572 1253 3646 limbo
1287 3571 1349 3647 has
1385 3575 1506 3650 literas
1542 3577 1671 3650 habet:
1709 3583 1839 3654 CVN-

1076 3678 1241 3746 RADvs
1283 3679 1329 3747 ll.
1366 3673 1404 3751 ἅ
1442 3677 1479 3748 in
1515 3706 1593 3750 arna
1637 3683 1756 3753 REX.
1794 3681 1837 3755 In

1072 3774 1202 3870 pollica
1217 3771 1320 3842 Crux
1340 3798 1419 3843 cum
1444 3775 1560 3845 literis
1582 3779 1837 3856 ASTENSIS.

1063 3946 1066 3951 ,
1123 3867 1299 3940 Secundus
1320 3869 1456 3960 prorsus
1477 3870 1602 3945 similis
1630 3880 1838 3972 praeceden-

1072 3962 1126 4040 ti.
1168 3962 1336 4037 Mutinae
1362 3965 1400 4037 in
1428 3965 1555 4045 Museo
1584 3975 1836 4057 Rertacchinio

1069 4061 1288 4141 adservatur.
1326 4066 1456 4140 Eadem
1484 4075 1519 4144 &
1556 4074 1607 4148 ibi
1645 4081 1836 4179 utrobique

1072 4162 1284 4264 Inscripti0.
1315 4172 1349 4240 A
1379 4175 1526 4245 Conrado
1553 4182 1595 4249 ll.
1624 4183 1837 4258 Germaniae

1070 4293 1110 4340 ac
1138 4265 1262 4346 ltaliae
1291 4272 1412 4371 Rege,
1440 4278 1549 4350 Anno
1577 4277 1709 4353 Chrisli
1736 4285 1835 4359 MC·

1069 4372 1147 4450 xl..
1169 4366 1329 4446 Aslenses
1353 4373 1408 4462 jus
1428 4376 1570 4465 faciendi
1589 4383 1754 4454 Monetam
1776 4411 1835 4460 ac.

1069 4497 1212 4569 cepere,
1247 4473 1302 4548 uti
1339 4471 1443 4548 fidem
1471 4475 1558 4551 facit
1583 4478 1735 4580 ejusdem
1765 4487 1836 4562 Di-

1069 4576 1189 4676 ploma
1213 4573 1259 4647 ab
1286 4571 1462 4674 Ughellio
1491 4577 1629 4657 editum
1657 4587 1768 4662 Tum.
1792 4614 1831 4688 4.

1069 4676 1196 4754 ltaliae
1220 4677 1362 4774 Sacrae.

1599 5048 1779 5170 'anco
