4214 6014
374 355 456 438 2n
638 323 1082 445 ourionis.
1136 315 1391 409 nonii
1438 320 1634 413 rari
1808 332 1895 437 aaa
1971 365 1973 369 ψ

314 431 363 505 iia
397 439 540 537 qualibet
565 445 733 528 oceafione.
770 449 819 516 Er
852 455 897 519 ad
933 447 1082 541 majorem
1114 447 1149 515 A
1185 462 1230 511 cer
1256 441 1435 530 Biisredis,
1463 446 1644 525 Proderiis‚
1672 439 1719 521 ὧ*
1740 446 1953 523 Trabucchir.

304 532 499 626 firmitatem
525 542 623 636 buius
648 549 852 630 sonorosior,
888 576 943 620 nos
962 553 1081 647 snpra-

312 636 398 714 diiii
422 644 607 734 Osreducius
641 645 689 727 r&
715 649 861 740 Jocabor
895 651 995 725 raiiis
1024 654 1080 745 sa·

313 740 483 833 arifronis
519 751 719 848 Evangeliis
753 755 955 844 corporaliter
985 754 1078 849 juro·

315 869 412 928 mur,
439 851 545 923 omnia
570 848 618 930 (φ
640 851 772 950 finguia
801 856 1017 946 supradiiia,
1045 879 1081 929 ur

315 948 350 1019 in
370 948 510 1047 singuiis
535 955 688 1045 capitulis
722 957 944 1041 concinenter,
980 962 1080 1054 obser-

315 1077 419 1134 vare,
460 1059 647 1137 attendere,
684 1054 732 1136 (γ’
768 1085 829 1130 non
864 1064 1082 1134 contravenire

312 1179 381 1225 orsa
395 1182 464 1225 rone
488 1145 618 1228 minoris
652 1162 790 1243 aeratis,
826 1163 881 1232 vei
905 1165 976 1236 aiio
1001 1192 1080 1261 qna-

312 1256 395 1328 liber
419 1258 569 1343 ocoofione
594 1261 650 1331 vel
670 1262 811 1352 srande.

1186 541 1250 615 Sed
1287 543 1322 614 8<
1363 545 1521 633 Binsredi
1560 548 1757 646 appellatae
1813 547 1958 628 fuerunt

1185 641 1322 718 stabiles
1349 646 1517 740 quaedam
1546 650 1702 729 Turres,
1744 675 1829 747 quas
1856 679 1877 726 e
1903 652 1954 729 ii-

1185 746 1285 846 gneis
1311 748 1442 820 tabulis
1470 775 1509 821 ac
1545 752 1701 824 trabibus
1735 773 1870 827 ueteres
1897 754 1953 831 sa-

1187 848 1388 921 bricabant.
1431 848 1486 922 lbi
1516 850 1698 950 praecipue
1724 853 1827 950 pofiti
1855 855 1955 934 suere

1188 949 1317 1048 vigiles
1337 950 1374 1023 in
1397 949 1555 1048 specula,
1575 953 1636 1050 qui
1658 958 1798 1051 quoties
1818 957 1953 1033 adven-

1188 1069 1303 1123 tantes
1331 1051 1439 1127 bolles
1466 1054 1604 1126 eminus
1637 1053 1957 1153 conspicabantur,
2078 1062 2079 1066 ¹

1187 1179 1391 1251 campanam
1443 1154 1646 1252 pulsabant,
1696 1156 1792 1231 cives
1828 1161 1953 1239 adino-

1188 1256 1328 1337 nendo,
1372 1274 1410 1327 ut
1459 1258 1566 1329 essent
1607 1258 1650 1331 ad
1677 1284 1773 1334 arma
1814 1266 1954 1361 parati.

366 1356 493 1432 Assum
528 1361 571 1447 ,ῃ
604 1363 659 1433 boc
693 1364 727 1434 i„
767 1367 909 1451 Ecclesia
942 1367 1082 1442 sangae
1116 1356 1146 1427 B
1186 1361 1412 1451 carpentarios
1446 1359 1633 1448 Bersredum
1663 1361 1818 1451 sarcientes
1854 1393 1954 1443 cotii-

1187 1479 1360 1530 memorat
1387 1459 1577 1535 Ordrriius
1605 1462 1739 1537 Virilis
1776 1467 1860 1542 Lib.
1894 1495 1953 1548 12.

1188 1558 1319 1632 Histot.
1356 1561 1545 1636 Ecclefiasi.
1586 1570 1703 1637 Turres
1742 1596 1859 1667 quoque
1877 1571 1953 1658 sive

1186 1660 1328 1749 Biisredi
1354 1662 1423 1754 fini
1456 1693 1478 1736 a
1512 1661 1722 1755 defensoribus
1748 1695 1951 1760 corruerunt,

1187 1763 1239 1836 ait
1267 1763 1359 1836 idem
1390 1767 1610 1841 Rolandinus
1637 1771 1719 1843 Lib.
1738 1773 1842 1872 prim.
1862 1779 1951 1878 Cap.

314 1459 450 1533 Mariae
475 1467 515 1532 de
540 1462 695 1553 Bidana,
723 1468 759 1538 in
782 1471 963 1560 praesentia
982 1477 1081 1544 Doni·

315 1561 355 1634 rii
372 1566 426 1633 M.
447 1563 596 1655 Episcopi
613 1567 815 1659 diſsuasu,
843 1575 977 1643 Domini
996 1573 1082 1644 Rai-

316 1662 401 1734 nerii
426 1663 557 1736 Biiioni
581 1668 773 1759 Potesiasis,
800 1674 935 1742 Domini
961 1674 1083 1762 Jacobi

317 1765 486 1859 crispoliti
496 1814 508 1846 ,
544 1768 678 1839 Domini
711 1774 848 1843 Roberri
880 1777 919 1844 de
945 1778 1082 1848 Bombo-

313 1892 403 1962 gno,
431 1868 563 1937 Domini
596 1874 771 1966 Paganeiii
801 1876 913 1963 Petri,
950 1878 1084 1950 Domini

319 1969 477 2041 Gnidonis
505 1971 639 2055 Vivenii
652 2021 663 2053 ‚
701 1977 836 2046 Domini
862 1980 1020 2050 Taneredi
1044 1987 1084 2051 de

317 2069 500 2161 Rosciano,
535 2074 669 2145 Domini
702 2079 859 2171 Stephani
883 2082 1083 2172 Salomonis,

319 2171 456 2246 Domini
494 2175 684 2247 Berarducii
718 2181 913 2272 Torreiani,
951 2184 1085 2256 Domini

1189 1869 1223 1939 8.
1249 1865 1444 1941 Chronici.
1485 1870 1525 1943 In
1568 1875 1710 1945 Statuio
1750 1873 1950 1953 Mutinensi

1187 1970 1295 2040 MSto
1331 1970 1431 2042 Anni
1468 1973 1679 2047 MCCCVI.
1707 1974 1789 2050 haec
1824 1981 1953 2077 leguri-

1188 2087 1266 2142 tur:
1295 2075 1376 2141 Cum
1402 2074 1488 2160 via,
1525 2101 1588 2170 qua
1613 2077 1744 2147 venitur
1768 2106 1788 2149 a
1816 2083 1953 2154 Variiiir

1185 2176 1298 2242 venies
1323 2178 1452 2246 Portam
1480 2178 1711 2262 Redeiorbam,
1748 2180 1831 2251 inter
1862 2189 1953 2258 ambe

317 2275 480 2348 Teneredi
508 2275 662 2360 Albrioi,
700 2283 833 2353 Domini
857 2284 978 2374 Jacobi
1004 2294 1084 2358 Leo·
1117 2281 1151 2353 C
1186 2275 1314 2346 canusia
1334 2274 1380 2358 fil
1407 2278 1589 2350 inhabitata
1625 2278 1672 2357 θ’
1715 2283 1858 2373 deserta,
1904 2284 1953 2365 (θ’

321 2379 441 2467 roardi,
467 2381 640 2475 Angilerii
666 2383 846 2473 Gnidonis‚
875 2383 922 2461 (θ’
949 2389 1084 2459 aliorum

316 2480 486 2575 plurium,
522 2482 578 2575 qui
611 2483 656 2554 ad
688 2485 744 2555 boo
777 2487 884 2557 vocari
908 2484 956 2566 (φ
983 2496 1084 2586 rogari

315 2580 450 2673 suerunt
475 2581 582 2668 sesses.

372 2687 588 2756 Fuerunt&
616 2687 793 2776 Birisredi,
830 2690 938 2762 altera
967 2688 1085 2764 muni·

320 2802 523 2859 mentorum
571 2783 729 2877 species,
783 2813 872 2882 quos
921 2791 1086 2878 Beisredor

316 2908 459 2980 quoque
470 2932 488 2964 „
508 2885 695 2972 Bersredor,
723 2888 905 2978 Biisredos,
924 2893 1084 2984 Berresre·

318 2990 400 3068 dos,
436 2985 633 3077 Balsredos,
669 2990 855 3081 Burisredos
890 3018 1084 3087 uocauere,

321 3107 364 3162 ut
403 3086 473 3161 alia
516 3107 728 3183 praeteream
773 3091 901 3167 similia
938 3098 1084 3169 nomina

1182 2395 1240 2469 per
1274 2375 1375 2467 ipsam
1410 2399 1477 2448 ram
1514 2390 1554 2451 de
1593 2382 1647 2450 die
1672 2387 1767 2478 quim
1796 2397 1836 2457 de
1862 2384 1952 2458 nasio

1182 2472 1303 2568 poffenr
1327 2482 1438 2549 uenire
1459 2503 1571 2578 gerres
1596 2485 1709 2554 occuire
1748 2489 1794 2557 ad
1818 2488 1973 2571 Civitas

1185 2597 1247 2646 tem
1273 2579 1428 2651 Mutinae
1453 2584 1547 2676 usque
1565 2584 1660 2677 s'nper
1680 2587 1795 2672 foveas
1818 2590 1955 2662 Civita-

1184 2678 1248 2756 tis,
1275 2703 1354 2770 quae
1380 2682 1551 2751 marimum
1574 2682 1693 2777 possent
1718 2685 1824 2758 dinae
1854 2687 1956 2760 Ciui-

1185 2777 1249 2847 rnri
1273 2780 1447 2869 dampnum
1474 2783 1518 2851 θ
1540 2787 1772 2879 praejudicium
1809 2789 1955 2878 inserre:

1183 2879 1393 2975 providerunt
1443 2886 1577 2956 Domini
1617 2887 1827 2978 Defensores,
1871 2896 1957 2989 quod

1187 3007 1269 3053 unus
1310 2979 1409 3054 bonus
1453 2988 1634 3077 Br'nsredns
1673 3018 1740 3061 cnm
1776 3019 1838 3063 uno
1876 2998 1955 3066 bono
1999 3014 2006 3024 ‘

1185 3103 1278 3177 ponre
1303 3084 1458 3156 ievarorio
1474 3086 1544 3175 fiac
1579 3087 1628 3165 (θ’
1659 3090 1740 3180 fieri
1764 3097 1877 3167 debeat
1894 3099 1956 3188 sre-

320 3188 412 3284 ‘apud
440 3189 607 3284 antiquos
633 3190 765 3283 ⁸ufitata
796 3220 858 3291 pro
885 3221 952 3268 una
980 3223 1016 3269 re
1043 3195 1083 3267 fi.
1120 3186 1164 3262 DJ
1184 3204 1241 3279 prr
1262 3204 1387 3278 pontem
1413 3185 1547 3256 Cirrhae
1571 3188 1732 3261 Civiraiis
1754 3195 1851 3284 iuxta
1872 3217 1956 3291 pra.

320 3287 545 3388 gnificanda.
583 3292 817 3392 Du·Cangius
852 3294 890 3368 in
936 3324 975 3370 ea
1010 3296 1083 3371 sen-

320 3390 527 3473 tannarii,
564 3393 680 3490 primii
716 3420 803 3470 uoce
840 3396 904 3472 bac
930 3397 1084 3498 defigna·

319 3513 374 3568 tas
400 3493 500 3570 fuisse
527 3498 658 3570 Turres
685 3496 874 3595 quasdam,
902 3500 1010 3575 uariis
1030 3521 1085 3576 ta·

319 3597 452 3671 buiriis
479 3596 695 3685 constantes,
722 3597 762 3676 δι
790 3600 975 3702 suppositis
995 3603 1083 3679 rotis

317 3697 496 3788 mobiles,
523 3701 564 3772 ad
591 3703 843 3801 oppugnandos
865 3703 1022 3780 Urbium
1044 3704 1083 3781 ἃ

319 3797 518 3874 Castrorum
549 3827 693 3885 muros,
720 3830 805 3901 quas
832 3807 932 3905 supra
959 3807 1084 3881 innui.

316 3903 375 3976 Ita
402 3901 485 3978 ille.
513 3906 562 3977 Et
588 3901 668 3980 sane
695 3907 915 3980 Rolandinus
944 3909 1026 3981 Lib.
1045 3933 1082 4000 4.

186 4043 190 4050 ·
316 4001 409 4100 Cap.
443 4013 478 4078 ό.
511 4003 680 4075 Chronic.
713 4005 910 4076 describeris
937 4008 1084 4077 Monta·

317 4126 452 4199 gnanae
487 4096 703 4172 obsidionem
740 4102 784 4174 ab
825 4101 997 4175 Eccelino
1041 4104 1084 4180 de
1126 4097 1155 4166 Ε

316 4207 482 4276 Romano
541 4199 716 4301 perusiam
777 4207 889 4278 Anno
953 4208 1082 4282 MCC·

312 4306 523 4379 xxxviii.
551 4302 635 4378 haec
662 4304 705 4379 de
740 4304 894 4381 Civibus
926 4306 1083 4384 viriliter

316 4405 386 4480 sese
428 4405 696 4482 defendentibus
723 4406 856 4483 babet:
911 4413 958 4481 Er
985 4411 1083 4501 ipfiur

314 4508 497 4600 Biisredum
523 4536 621 4582 unum
647 4511 701 4581 die
725 4514 863 4605 quadam
889 4510 925 4585 in
951 4515 1083 4586 meridie

313 4609 555 4694 combuxerunt,
582 4611 730 4682 Eecelino
756 4612 861 4684 invito
873 4662 885 4696 ‚
927 4615 985 4710 qui
1008 4638 1083 4689 runc

306 4712 370 4807 sui
398 4713 468 4783 iilis
488 4709 579 4801 sosio
604 4718 738 4808 quodam
764 4715 950 4809 operimento
987 4739 1082 4807 erar,

307 4818 366 4906 sed
392 4842 453 4887 non
473 4812 613 4910 eognirus
633 4817 694 4887 vix
711 4817 846 4913 effugis.
876 4819 970 4891 Idem
992 4845 1079 4914 quo·

313 4938 382 5008 que
409 4916 492 4991 Lib.
517 4915 552 4991 6.
585 4920 673 5006 Cap.
695 4920 729 4992 ό.
758 4918 893 4992 Ellense
919 4920 1078 4994 Castrum

313 5013 536 5110 impugnatum
560 5018 611 5095 eit
634 5016 790 5112 aediliciis
815 5019 947 5102 notris,
986 5022 1081 5114 scili·
1106 5086 1112 5103 ,

1188 3307 1255 3356 tum
1284 3285 1472 3373 Monasierii
1497 3289 1614 3361 seneli
1638 3294 1748 3365 Porri.
1773 3300 1876 3392 Super
1894 3325 1956 3394 que
2036 3294 2039 3300 .

1188 3386 1347 3476 Bitisredo
1372 3387 1509 3463 debeant
1534 3418 1659 3464 manere
1686 3393 1734 3476 (φ
1767 3396 1854 3482 siere
1879 3426 1954 3470 eon-

1188 3488 1278 3558 rinue
1303 3511 1371 3560 ram
1395 3495 1434 3561 de
1459 3493 1513 3563 die
1537 3499 1632 3590 quam
1668 3496 1755 3567 noiie
1792 3506 1855 3569 duo
1880 3503 1956 3573 boni

1188 3589 1344 3677 custodes,
1371 3594 1426 3662 vei
1444 3603 1547 3682 piures
1568 3596 1641 3677 &a
1663 3599 1845 3674 Nimirum
1866 3601 1955 3678 Mu·

1190 3690 1342 3766 tinenses
1370 3697 1550 3770 canalibus
1577 3725 1744 3797 aquarum
1773 3700 1812 3778 ἂ
1840 3702 1954 3780 foreis

1190 3791 1305 3864 diuis
1333 3792 1464 3866 circum
1489 3799 1644 3882 Urbem,
1671 3828 1691 3872 a
1711 3801 1812 3877 fovea
1833 3831 1872 3878 ac
1892 3832 1954 3906 ag·

1191 3893 1332 3988 genibus
1371 3889 1549 3969 Civitatis
1594 3925 1654 3995 per
1680 3903 1819 3999 aliquot
1848 3905 1955 3984 stadia
2046 3932 2048 3935 ’

1192 3989 1398 4063 distantibus
1426 3992 1439 4084 s
1461 3997 1570 4070 Circae
1589 4004 1835 4098 appellabant,
1860 4009 1956 4108 quod

1164 4090 1302 4164 ladbuc
1344 4118 1474 4168 nomen
1519 4101 1710 4206 perdurat)
1756 4111 1953 4206 curabant,

1191 4212 1230 4269 ut
1266 4193 1437 4292 ejusmodi
1475 4204 1676 4281 munitione
1716 4212 1882 4284 accessum
1911 4237 1954 4285 ac

1191 4295 1344 4396 primum
1392 4297 1565 4396 impetum
1616 4307 1793 4396 hostium,
1844 4307 1955 4389 noiiu

1191 4397 1391 4497 praesertim
1412 4404 1639 4479 cohiberent.
1666 4411 1774 4504 Supra
1796 4408 1953 4491 uidimus

1189 4498 1367 4574 indultum
1413 4529 1433 4575 a
1477 4504 1641 4578 Guidone
1680 4509 1714 4579 di
1760 4513 1954 4592 Lamberto

1190 4602 1355 4702 Augustis
1381 4602 1569 4677 Leodoino
1589 4605 1783 4684 Mutinensi
1805 4615 1956 4715 Episco-

1189 4727 1256 4802 p0·,
1286 4702 1383 4796 super
1407 4730 1504 4774 unum
1530 4710 1721 4783 milliarium
1761 4716 1796 4788 in
1823 4721 1956 4794 circuire

1188 4802 1344 4887 Ecciefiae
1369 4810 1398 4873 C
1400 4804 1528 4878 irrisoris
1547 4811 1781 4911 circumquaque
1798 4818 1955 4911 firmare.

1190 4910 1369 4979 Praeterea
1398 4933 1458 5003 per
1483 4907 1604 4986 solsam
1632 4915 1741 5002 ipsam
1768 4923 1874 4994 Urbis
1893 4948 1953 4995 ca·

1186 5008 1278 5086 nolis
1305 5033 1415 5108 aquae
1435 5008 1687 5107 deducebatur.
1716 5020 1758 5094 lu
1779 5021 1955 5193 aripiqoil·

1839 5145 1899 5197 iiio
