4214 6014
205 426 208 433 .
263 353 350 440 4¹3

532 327 978 446 ausinora.
1029 325 1283 416 nrsorr
1325 332 1524 423 asar
1699 349 1787 450 ara

207 445 967 522 DVXMEDIOLANLACIANVEDo·
1009 449 1041 520 A
1082 446 1177 519 redes
1200 449 1352 522 Antonii
1382 445 1522 546 Reynae
1548 451 1844 528 Mediolanenfis.

204 544 330 617 minus.
351 545 428 619 Post
451 549 596 621 Annum
617 545 754 622 Christi
774 552 969 624 MCCCC·

204 646 339 720 Lxlv.
367 648 545 723 Nummus
574 651 769 750 perculsus.

255 744 493 848 ‘frigesimum
533 749 670 825 sextum
708 757 869 827 Veronae
909 752 969 826 ad·

204 844 319 921 seruat
345 848 510 925 Museum
547 851 829 929 Musellianum.
866 859 971 930 Hanc

202 948 417 1049 epigraphen
447 953 607 1051 praefert.
628 961 672 1028 G.
695 962 725 1030 S.
751 985 875 1054 nempe
901 965 970 1028 Ga-

203 1051 279 1146 lea(
312 1055 434 1143 Simia
471 1054 586 1129 nvn.
623 1060 899 1132 MEDIOLAni
928 1064 970 1131 D.

206 1154 277 1228 ΡΡ.
314 1154 398 1231 idesl
433 1161 591 1231 Dominus
624 1164 766 1257 Papiae.
794 1160 896 1234 Crux
933 1160 970 1234 in

203 1254 324 1330 aversa
350 1257 441 1332 facie
469 1287 546 1334 cum
576 1259 692 1336 literis
718 1267 973 1338 CONRADus

1081 546 1244 648 Effigiem
1294 551 1446 651 ejusdem
1492 555 1650 628 Galeatii
1701 554 1842 628 Mariae

1080 651 1225 724 exhibet
1261 650 1298 724 in
1326 654 1464 728 antica.
1499 653 1634 757 Insigne
1661 663 1746 730 vero
1774 653 1844 730 Vi·

1081 755 1294 825 cecomitum
1340 778 1419 826 curn
1461 754 1595 830 duobus
1635 758 1783 840 ramis,
1823 781 1845 830 e

1081 879 1230 951 quorum
1271 851 1414 954 singulis
1450 856 1601 953 pendent
1636 859 1722 933 duae
1759 858 1844 931 fitu-e

1082 955 1158 1034 lae,
1195 956 1351 1028 cernitur
1387 958 1424 1029 in
1462 957 1589 1057 postica
1621 986 1698 1033 cum
1727 960 1845 1035 literis

1082 1055 1166 1127 hinc
1193 1056 1278 1130 inde
1304 1061 1379 1130 GZ.
1404 1062 1458 1132 Μ.
1482 1065 1608 1151 Galea(
1633 1064 1766 1134 Maria.
1792 1065 1846 1134 U·

1083 1177 1206 1254 traque
1233 1157 1422 1257 epigraphe
1443 1160 1489 1233 eli
1515 1161 1694 1236 smillima
1722 1160 1847 1235 inscri-

1083 1259 1264 1355 ptionibus
1303 1259 1453 1334 Nummi
1491 1263 1756 1362 praecedentis.
1791 1267 1846 1337 A·

205 1361 316 1431 REX·
345 1363 712 1440 ROMANOrnmIl.
740 1391 858 1464 aquo
890 1369 971 1438 Me·
1014 1377 1042 1447 Β
1081 1359 1149 1430 dest
1189 1359 1296 1432 eriam
1344 1387 1466 1435 aureus
1512 1388 1615 1460 penes
1657 1363 1845 1439 Comitem

205 1457 425 1536 diolanenses
453 1462 625 1541 Monetae
658 1467 712 1567 jus
738 1466 969 1540 derivabant.

206 1562 386 1636 Percussus
421 1565 468 1639 est
504 1572 682 1642 Nummus
717 1567 861 1642 circiter
892 1568 969 1638 An·

206 1688 291 1736 num
314 1669 629 1745 MCCCCLXVI.
645 1695 664 1741 a
681 1667 847 1741 Galeatio
862 1671 970 1739 Fran-

206 1762 292 1836 cisci
322 1765 473 1840 Ssortiae
500 1762 603 1843 filio.

260 1865 475 1965 Trigesrmus
496 1866 664 1967 septimus
682 1894 725 1942 en
741 1868 864 1941 eodem
885 1871 971 1942 Mu·

206 1962 265 2039 seo
300 1965 504 2060 depromtus
541 1969 694 2068 pertinet
730 1970 772 2044 ad
809 1968 971 2044 eumdem

206 2066 387 2144 francisci
414 2065 565 2145 Slortise
592 2071 738 2153 salium,
769 2098 809 2144 ac
840 2070 972 2146 succes·

207 2167 342 2244 sorem.
380 2170 435 2245 lbi
463 2171 612 2273 iufignia
639 2172 905 2247 vicecomitum
933 2170 973 2246 δι

1079 1458 1328 1533 Constantium
1377 1463 1420 1535 de
1468 1465 1598 1540 Abdua
1650 1464 1842 1541 Patritium

1080 1559 1381 1634 Mediolanensem
1397 1613 1408 1636 .

1130 1661 1420 1761 Quadragesrmus
1440 1681 1623 1763 argenteus
1648 1664 1687 1739 in
1714 1666 1842 1741 Museo

1081 1763 1331 1836 Bertacchinio
1366 1763 1559 1840 Mutinae.
1597 1768 1770 1841 Visuntus
1805 1766 1846 1840 in

1079 1883 1157 1964 ‘area
1185 1863 1310 1937 literae
1337 1869 1382 1939 G.
1411 1870 1465 1940 M.
1506 1893 1585 1942 curn
1611 1895 1754 1943 ¹corsuna
1791 1866 1848 1941 su·

1081 1963 1251 2062 perpossta
1267 2014 1278 2047 ,
1320 1965 1404 2039 idell
1444 1971 1571 2065 Galea(
1614 1970 1763 2045 Maria.
1803 1973 1844 2042 In

1079 2066 1194 2140 limbo
1237 2071 1351 2141 DVX.
1388 2070 1498 2146 MLI.
1547 2077 1630 2148 Ac.
1671 2075 1845 2146 IANVE.

1075 2172 1125 2242 D.
1152 2166 1224 2242 &o
1253 2167 1386 2243 Postica
1412 2171 1517 2247 babet
1542 2175 1664 2250 literas
1700 2173 1737 2246 in
1765 2198 1842 2246 area

143 2281 145 2285 '
208 2270 426 2347 Slortiadum
455 2300 534 2347 cum
563 2273 678 2348 literis
698 2279 772 2348 GZ.
793 2279 885 2349 MA.
910 2280 973 2348 st.
1013 2282 1047 2356 (2
1080 2272 1119 2342 B.
1147 2272 1308 2345 Meum
1339 2275 1467 2347 corond
1504 2274 1739 2378 superposui,
1776 2272 1845 2348 hoc

208 2377 410 2450 VICECO.
439 2380 556 2451 DVX.
584 2379 692 2449 ΜΗ.
714 2382 759 2450 V.
785 2380 853 2452 ΡΡ.
880 2382 976 2452 AN·

208 2478 360 2580 GLEQ.
386 2481 465 2552 CO.
493 2482 563 2553 Ac
599 2481 772 2552 IANVE.
810 2484 855 2553 D.
891 2479 976 2553 idest

209 2583 335 2671 Galeaz
373 2581 489 2652 Maria
527 2578 651 2669 isonia
691 2581 859 2652 Vieeeomes
898 2587 976 2652 Dux

207 2682 395 2752 Mediolani
433 2681 624 2776 Eroiadai,
660 2683 808 2772 Papiae,
842 2686 972 2777 Angla-

208 2781 334 2874 tiaeque
359 2787 495 2869 Comes,
521 2809 558 2850 ae
583 2787 718 2869 Jaauae
743 2781 920 2852 Dominus.

259 2877 478 2977 Trigesrmus
505 2878 652 2951 oiiavus
688 2878 856 2952 Mutinae
881 2878 972 2979 apud

205 2975 401 3071 johannem
430 2979 624 3080 Baptistam
648 2975 766 3056 Caula
795 2979 973 3071 Juriscon-

207 3080 339 3157 sultum
367 3081 500 3157 exstat.
537 3081 592 3156 lbi
627 3100 700 3156 tres
726 3082 889 3156 arborum
917 3110 972 3157 ra·

207 3182 259 3256 mi
286 3206 367 3256 curn
400 3185 533 3256 duabus
568 3181 681 3254 sttulis
717 3181 972 3281 pendentibus,

1079 2371 1124 2445 est
1150 2379 1275 2444 Blanea
1310 2376 1447 2466 Maria,
1482 2376 1581 2452 illius
1610 2399 1746 2466 mater,
1782 2402 1845 2449 cu·

1079 2474 1133 2573 jus
1161 2473 1410 2548 auiioritatern
1446 2477 1484 2552 in
1515 2479 1665 2555 exordio
1701 2474 1844 2575 imperii

1080 2573 1133 2648 sui
1160 2573 1255 2648 lilius
1282 2575 1329 2647 est
1357 2579 1549 2656 reveritus.
1582 2584 1846 2679 Subsequunrur

1079 2675 1119 2747 in
1145 2675 1259 2746 limbo
1286 2676 1377 2749 aliae
1403 2680 1554 2770 literae,
1590 2707 1716 2772 nempe
1753 2682 1844 2751 DV·

1079 2776 1203 2847 CISA.
1230 2777 1338 2849 MLs.
1366 2780 1448 2852 AC.
1474 2782 1551 2854 CR.
1580 2784 1623 2853 D.
1652 2780 1725 2857 &o
1761 2778 1847 2854 idest

1079 2871 1210 2969 Dueiffa
1236 2876 1421 2951 Mediolani
1438 2909 1474 2953 ae
1492 2887 1661 2954 Cremonae
1685 2883 1844 2958 Domina.

1129 2976 1422 3077 Quadragelimus
1450 2981 1583 3082 primus
1610 2978 1778 3059 Mutinae
1805 2982 1846 3058 in

1077 3076 1206 3151 Museo
1247 3081 1518 3164 Bertacchinio‚
1555 3088 1760 3160 nummulus
1796 3085 1845 3160 est

1077 3195 1298 3276 argenteus,
1341 3178 1402 3252 ubi
1443 3179 1557 3255 Casiis
1595 3185 1721 3258 visitur
1759 3213 1843 3259 cum

188 3282 393 3357 -Emblema
435 3282 608 3374 scilicet,
651 3281 723 3357 stae
763 3283 970 3377 Symbolum
1009 3304 1043 3376 D
1077 3280 1227 3377 Angue.
1268 3280 1324 3352 En
1363 3281 1480 3355 literis
1516 3285 1658 3360 detritis
1695 3284 1844 3384 superest

206 3383 365 3482 (italice
390 3383 523 3460 diceres
549 3385 713 3484 impresa)
749 3385 843 3482 quod
872 3383 971 3485 supra

204 3485 364 3563 vidimus
398 3487 437 3562 in
474 3492 636 3564 Nummo
669 3485 826 3560 Galeatii
863 3487 971 3561 Vice-

206 3587 373 3663 eomitis.
401 3590 546 3688 Literae
574 3587 799 3662 circumstant
818 3590 892 3662 GZ.
915 3593 970 3663 M.

205 3695 269 3765 ΒΡ.
300 3695 536 3767 VVlCECO.
567 3695 683 3764 DVX.
719 3692 828 3766 ΜΗ.
857 3696 900 3764 V.
928 3696 969 3764 In

204 3790 325 3867 aversa
352 3813 450 3892 parte
477 3791 619 3888 Anguis
647 3819 727 3866 cum
763 3792 896 3866 duabus
923 3793 970 3867 li·

204 3894 291 3969 teris
326 3894 364 3968 in
402 3894 522 3970 medio
555 3899 601 3968 G.
636 3896 692 3968 M.
727 3893 812 3968 idesl
845 3897 972 3989 Galea<

203 3999 340 4082 Maria,
367 3993 407 4068 ἃ
434 3997 473 4068 in
501 3994 653 4070 circuitu
682 3998 750 4067 ΡΡ.
776 3998 969 4066 ANGLE·

201 4099 307 4190 QVE
335 4099 414 4169 CO.
442 4097 512 4168 Ac
541 4097 701 4166 IANVE
728 4096 775 4165 D.
796 4095 893 4164 Tota
912 4093 966 4166 in·

1078 3382 1218 3453 tantum
1246 3383 1354 3456 ΜΗ.
1384 3381 1467 3458 idest
1494 3388 1696 3460 Mediolani.
1724 3391 1764 3459 ln
1792 3389 1847 3460 al-

1077 3499 1152 3554 tera
1180 3501 1277 3577 parte
1303 3486 1348 3556 G.
1375 3489 1430 3558 M.
1458 3489 1587 3560 corond
1623 3488 1847 3590 superimpo-

1078 3581 1162 3671 sni,
1189 3581 1257 3658 hoc
1283 3584 1329 3657 est
1350 3589 1476 3681 Galea<
1502 3592 1638 3664 Maria.

1129 3685 1441 3787 Quadragesrmum
1483 3688 1704 3775 secundum,
1743 3686 1845 3786 Qua·

1077 3785 1306 3886 dragesimum
1333 3789 1504 3879 tertium,
1540 3794 1574 3864 tr
1612 3792 1845 3893 Quadragesr-

1077 3913 1175 3962 mum
1220 3906 1383 3982 quactum
1430 3891 1590 3965 adservat
1636 3893 1844 3970 Veronenfis

1078 3985 1375 4082 Archipresbyter
1393 3989 1583 4069 Musellius
1611 3994 1648 4069 in
1677 3996 1738 4071 suo
1757 4002 1845 4072 Mu·

1077 4087 1158 4161 seo.
1189 4087 1372 4163 Pertinent
1391 4093 1431 4165 ad
1450 4099 1635 4187 johannem
1658 4101 1843 4172 Gelensium

203 4194 352 4296 scriptio
393 4194 478 4268 baec
517 4195 624 4268 uerba
658 4191 810 4278 reddit,
843 4195 971 4289 Galea<
1007 4211 1037 4285 Ε
1076 4189 1448 4283 sfortiam,Galeatii
1485 4200 1624 4275 Mariae
1661 4200 1768 4273 Ducis
1796 4195 1842 4270 fi-

203 4299 321 4372 Maria
346 4296 469 4388 tanea
496 4303 660 4372 l'ieeeames
683 4301 763 4370 naa
787 4296 971 4383 Mediolani

202 4399 388 4496 guinilos,
414 4402 560 4493 Papiae,
582 4399 821 4498 Angleelaeque
838 4404 969 4481 Comes,

201 4530 240 4579 ac
269 4509 405 4595 januae
444 4505 635 4590 Dominus,
676 4499 740 4600 qui
782 4499 970 4577 francisco

202 4606 294 4703 parsi
313 4602 472 4681 succesit
486 4607 597 4682 Anno
613 4600 750 4682 Christi
770 4607 965 4681 MCCCC·

251 4808 472 4913 Trigelimus
499 4836 613 4887 nonus
637 4825 823 4915 argenteus
844 4807 968 4884 vifitur

200 4903 241 4980 in
277 4908 404 4991 Museo
441 4919 489 4993 N.
517 4920 563 4989 V.
599 4915 678 5011 Syri
717 4914 760 4989 de
796 4911 968 5000 Rhaude,

198 5031 343 5086 aureum
369 5018 520 5096 minoris
556 5015 697 5094 moduli
738 5014 879 5092 serram
904 5010 966 5089 he·

1076 4294 1190 4377 lium,
1217 4290 1279 4392 qui
1308 4296 1400 4414 patri
1436 4325 1456 4374 a
1492 4301 1684 4400 conjuratis
1720 4296 1842 4383 caeso,

1075 4393 1113 4467 in
1142 4396 1390 4472 dominatione
1418 4398 1574 4475 successit
1599 4408 1709 4473 Anno
1727 4397 1844 4475 Chri·
1889 4413 1892 4418 '

1075 4496 1118 4572 fli
1144 4501 1514 4575 MCCCCLXXVH.
1542 4504 1581 4571 sn
1610 4498 1736 4575 horum
1768 4503 1844 4600 pri-

1075 4627 1135 4673 mo
1165 4599 1289 4674 vifirur
1324 4603 1398 4699 ejus
1432 4599 1567 4700 effigies
1606 4630 1685 4677 rum
1723 4603 1842 4681 literis

1076 4707 1135 4775 10.
1178 4707 1255 4777 GZ.
1297 4707 1358 4773 SF.
1400 4705 1689 4780 Vleetorofs
1734 4700 1841 4782 Dv'x

1075 4808 1181 4879 ΜΗ.
1209 4808 1276 4876 SK.
1303 4803 1386 4877 idest
1405 4808 1571 4899 Jobannes
1599 4816 1723 4904 Galea(
1748 4813 1840 4900 ssen-

1075 4909 1123 4980 eia
1163 4910 1326 4980 Vieeeomes
1368 4913 1443 4980 Dux
1479 4912 1663 4983 Mediolani
1701 4920 1841 4988 sessus.

1076 5014 1117 5086 ln
1143 5008 1274 5112 polisco
1298 5008 1400 5088 illius
1426 5010 1601 5116 iufignia,
1637 5011 1675 5087 dc
1712 5015 1840 5090 literae
