4214 6014
287 369 368 450 203
522 329 1545 453 -ANTQUJRMEDHAEVJ
1724 356 1809 447 tot

220 455 357 527 uitatem
383 453 438 523 vel
465 459 610 549 Burgus,
650 456 750 524 eundo
776 462 830 524 vel
857 456 988 523 redenn·
1023 466 1060 538 Α
1100 453 1203 523 VIII.
1229 476 1306 550 pag.
1340 472 1447 546 1091.
1473 455 1553 525 Rer.
1585 451 1741 528 Italicae.
1768 452 1869 557 degi·
1968 438 1973 446 ⁵

217 559 261 626 de
287 557 403 627 audeat
428 557 483 625 vel
506 556 688 646 praesumet
711 556 835 653 praeire
862 555 988 627 Vexilla

219 657 392 737 Militiae,
428 658 484 728 vel
517 659 700 730 Banderias
735 656 868 730 Domini
893 664 988 728 Pete·

211 758 312 847 statie
350 760 394 831 (θ’
419 765 603 832 Communis
642 760 819 833 Mutinae.
858 758 989 843 Iternfi

219 861 444 957 contingeret,
490 867 575 958 qnod
615 862 749 935 Militia
793 860 990 946 Mutinensis

221 990 290 1035 cnm
330 964 465 1035 inimicis
502 964 684 1060 perveniret
722 966 766 1036 nd
809 964 989 1060 praelium,

224 1068 334 1139 nullus
372 1067 624 1157 Consanonerins
662 1066 676 1163 (
700 1064 784 1140 idest
810 1066 989 1162 Signifer)

220 1168 334 1240 deleat
360 1172 495 1242 recedere
514 1172 552 1240 de
574 1169 714 1265 proelio,
742 1170 853 1240 necin
875 1169 990 1264 sugam

217 1269 255 1365 se
278 1293 415 1366 ponere,
456 1299 510 1342 nec
534 1272 692 1344 declinare
719 1271 901 1344 Vexillum.
942 1275 992 1342 Et

1099 577 1197 626 mus:
1227 559 1276 625 Et
1302 553 1493 623 invenerunt
1519 554 1696 640 Christiani
1722 563 1756 628 in
1780 554 1871 630 dide

1097 678 1204 751 campo
1238 655 1422 748 Papiliones
1464 658 1507 725 0·
1533 664 1711 733 Travaelas
1747 663 1871 755 cariffi.

1098 783 1195 829 mas:
1230 782 1319 855 quae
1355 782 1427 829 vox
1457 753 1613 833 indicate
1645 761 1754 858 potest
1781 770 1870 836 Tra·

1098 864 1206 932 barcas
1232 885 1304 931 noo
1332 884 1375 930 ex
1403 857 1530 957 ligno,
1580 858 1635 933 sed
1676 890 1720 937 ex
1749 892 1869 963 panno

1098 960 1198 1035 soille
1225 958 1444 1056 compostae.
1471 965 1518 1035 Et
1545 983 1637 1036 certe
1665 968 1871 1063 praelauda-

1099 1081 1155 1137 tus
1182 1064 1356 1154 Johannes
1386 1062 1567 1137 Villanius
1595 1064 1679 1139 Lib.
1713 1091 1747 1165 3.
1777 1071 1869 1170 Cap.

1098 1189 1160 1264 79.
1187 1165 1374 1239 Historiar.
1395 1164 1437 1237 de
1459 1169 1596 1261 Populo
1616 1171 1764 1268 Belgico
1784 1168 1871 1245 scti-

1101 1272 1174 1342 bit:
1219 1274 1257 1339 ln
1284 1289 1331 1336 tre
1360 1268 1530 1357 sentimene
1556 1272 1636 1361 dopo
1662 1273 1696 1342 la
1719 1270 1869 1364 [confiteo

224 1373 496 1459 Consanonerins,
522 1372 578 1467 qui
603 1395 709 1445 centra
732 1372 862 1463 fecerit,
889 1373 992 1470 eapite
1031 1378 1059 1450 B
1098 1372 1189 1440 detta
1214 1372 1348 1441 belluno
1375 1367 1483 1458 risacci
1519 1374 1711 1469 Padiglioni
1741 1403 1757 1445 e
1783 1383 1871 1448 Tra·

220 1475 378 1570 puniatur
390 1501 412 1563 ,·
438 1479 482 1546 (9‘
507 1501 603 1571 eqnur
628 1475 676 1556 (φ
701 1474 771 1569 ejus
795 1502 887 1548 arnna
911 1502 989 1544 cam·

223 1573 381 1648 durantur
394 1605 416 1665 ,⁰
441 1606 494 1649 nec
520 1579 556 1648 in
579 1598 765 1673 perpetuum
791 1579 917 1647 heredes
937 1575 993 1667 sui

223 1679 280 1748 vel
305 1677 373 1772 ejus
399 1681 614 1771 descendentes
638 1680 753 1772 poffint
779 1673 834 1769 effe
867 1676 901 1744 in
927 1678 992 1747 eli·

224 1806 287 1874 qno
325 1778 426 1870 efficio
465 1785 520 1852 vel
560 1782 671 1849 bonore
710 1776 894 1848 Communis
920 1775 993 1856 &a

226 1884 327 1956 Haec
355 1908 463 1979 pauca
489 1907 509 1954 e
535 1880 672 1980 legibus
697 1878 915 1953 militaribus
934 1907 993 1953 eo·

223 2002 532 2082 rum'temporum
560 1979 740 2082 excetpli,
779 1981 907 2080 quibus
934 1981 994 2057 ad·

223 2085 337 2160 ditam
374 2087 492 2169 volo,
538 2105 663 2186 utpote
704 2086 789 2158 notl
828 2083 995 2186 dignam,

224 2185 316 2262 Itane
343 2191 491 2263 alteram
518 2213 562 2263 ex
603 2188 746 2263 Rubric.
781 2211 840 2285 32.
866 2187 995 2277 deleti·

1099 1472 1209 1544 bacche
1221 1498 1244 1558 ;
1282 1499 1298 1539 e
1324 1471 1373 1541 ehi
1399 1496 1461 1541 non
1487 1474 1561 1545 elle
1584 1498 1693 1570 panno
1718 1476 1787 1547 line
1801 1523 1817 1557 ‚-
1840 1478 1873 1549 el

1099 1575 1129 1643 le
1150 1573 1215 1662 fece
1239 1573 1277 1644 di
1302 1572 1406 1644 burne
1432 1574 1547 1647 hirnea
1586 1578 1623 1648 eli
1657 1584 1741 1658 m,
1781 1607 1801 1650 e
1833 1577 1872 1652 di

1100 1680 1247 1748 Gnanro.
1289 1674 1498 1773 Legendum
1539 1677 1617 1752 heic
1644 1678 1678 1751 el’
1695 1685 1767 1770 ipro
1791 1709 1813 1752 e
1831 1681 1871 1754 a·

1100 1783 1251 1850 Gnancc.
1279 1781 1450 1849 Veterum
1480 1784 1720 1857 Romanorum
1751 1801 1870 1858 tento-

1100 1882 1153 1953 tia
1181 1884 1346 1978 pleraque
1373 1906 1392 1953 e
1421 1884 1579 1957 Pellibus
1605 1883 1766 1958 confedia
1793 1883 1871 1960 fue·

1101 2009 1158 2065 re,
1187 1982 1240 2056 uti
1267 2003 1395 2057 notum
1423 1983 1591 2058 eruditis:
1622 1986 1715 2083 quod
1744 1986 1874 2084 pluvio

1101 2100 1260 2182 tempore
1282 2085 1391 2158 variis
1412 2085 1649 2161 incommodis
1670 2088 1873 2163 obnoxium

1101 2185 1286 2286 quisquam
1317 2187 1435 2262 frustra
1455 2190 1642 2288 opinetur.
1670 2190 1788 2288 Atqui
1812 2195 1873 2264 Se·

225 2309 351 2391 ptam:
390 2296 488 2387 Quod
513 2294 648 2390 quilibet
672 2297 712 2362 de
738 2292 858 2386 Populo
884 2292 995 2360 Muti·
1031 2295 1062 2368 C
1101 2290 1192 2362 culis
1232 2290 1423 2363 barbaricis
1465 2293 1583 2365 nullus
1625 2292 1667 2365 ad
1694 2291 1873 2368 Tentoria

227 2393 317 2479 nenst
355 2397 473 2468 aetatis
507 2403 610 2467 decem
656 2392 704 2471 r&
741 2393 808 2464 ello
843 2419 996 2464 annornm

226 2495 322 2591 usqne
347 2500 392 2566 ad
424 2500 631 2594 septuaginta
656 2519 756 2566 annor
781 2515 925 2565 teneatur
951 2496 997 2565 irc

225 2621 261 2668 en
299 2599 485 2671 exercitibus
520 2598 567 2679 (γ’
604 2598 736 2669 andatis
785 2599 996 2677 Communis,

224 2701 369 2794 quotiens
398 2701 542 2791 senuerit
585 2708 754 2788 Campana
793 2700 995 2769 Communis.

227 2802 339 2872 Porro
377 2800 414 2870 in
451 2797 740 2895 expeditionibus
776 2794 995 2869 adduceban-

227 2900 287 2974 ttir
322 2898 543 2973 Tabernacula
578 2896 648 2972 sive
689 2896 867 2988 Tentoria,
908 2925 997 2997 quae

230 2998 341 3078 variis
368 3003 576 3079 nominibus
601 2999 759 3075 indicata
786 2996 928 3083 rideas,
954 3000 997 3075 ad

227 3103 472 3205 designandam
503 3104 636 3179 variam
657 3105 804 3177 illorum
827 3101 996 3202 liguram,

1101 2393 1180 2463 ulus
1207 2390 1356 2489 pellium
1385 2389 1485 2464 fuilse
1515 2393 1679 2474 videtur,
1706 2394 1768 2467 sed
1790 2393 1876 2495 qui-

1102 2493 1181 2566 dem
1210 2493 1322 2566 Telae
1349 2492 1475 2566 diverli
1517 2495 1673 2594 generis.
1712 2499 1766 2570 De
1806 2522 1876 2570 no-

1103 2594 1199 2668 mine
1226 2595 1416 2689 Padigliani
1442 2598 1578 2690 aliquid
1607 2597 1752 2670 innuam
1778 2597 1876 2673 infra

1103 2693 1139 2766 in
1183 2694 1437 2766 Differtatiooe
1481 2700 1650 2769 xxxtlu
1691 2701 1730 2767 de
1756 2698 1878 2793 origin.

1104 2801 1174 2868 noc.
1195 2795 1399 2867 Italicarum.
1428 2797 1635 2898 Principum
1658 2825 1697 2870 ac
1719 2797 1896 2897 Magw'

1103 2917 1179 2972 tum
1200 2898 1375 2970 Tentoria
1396 2895 1598 2995 splendida,
1626 2902 1766 2998 ampla,
1795 2927 1877 2999 pte·

1103 2999 1218 3074 tiolo.
1270 2998 1387 3071 Pisani
1417 3003 1528 3073 Anno
1562 3005 1774 3076 mcccxl.
1803 3006 1877 3079 Ite*

1103 3103 1194 3202 gatis
1222 3105 1383 3172 Genuam
1406 3102 1448 3173 ad
1471 3106 1667 3177 Henricum
1691 3108 1775 3180 vn.
1796 3108 1876 3182 Au·-

229 3231 445 3303 quamquam
475 3235 535 3305 per
561 3206 622 3278 has
658 3230 763 3276 voces
793 3203 911 3278 eadem
944 3233 997 3278 res
1034 3211 1066 3278 D
1103 3202 1236 3304 gustum
1266 3200 1397 3290 miffis,
1425 3204 1539 3277 eidem
1567 3207 1728 3280 obtulere
1756 3216 1875 3279 Tento-

226 3307 406 3384 intertlum
431 3305 666 3408 fignificetur.
693 3307 891 3389 Tralaecbe,
911 3314 996 3378 Ten-

87 3454 90 3459 ·
224 3412 286 3501 de,
324 3436 341 3481 e
375 3412 567 3508 Padiglioni
592 3409 759 3485 albattuti
796 3411 856 3481 dal
880 3432 997 3499 vento,
1045 3455 1047 3459 ,

227 3511 337 3589 babet
375 3512 550 3604 Iohannes
607 3510 788 3586 Villanius
834 3511 918 3588 Lib.
958 3537 996 3611 7.

225 3613 317 3714 Cap.
349 3640 431 3714 119.
459 3617 666 3715 Papiliones,
693 3615 903 3707 Petillium,
930 3623 996 3688 Pa·

220 3719 338 3788 ·tn‘nnes
364 3717 459 3790 idem
487 3746 637 3794 nomen.
666 3721 818 3811 Tendae,
846 3745 885 3792 ac
911 3723 997 3790 Ten-

219 3818 304 3914 ]ae‚
340 3819 436 3918 qobd
472 3823 778 3897 extenderentur.
819 3823 999 3893 Baracelrae

224 3918 377 3997 lortaffis
405 3927 581 4023 appellata
608 3921 766 3999 tentoria
793 3921 879 4001 illa,
907 3947 997 4016 quae

227 4049 272 4096 ex
300 4026 371 4094 rell
397 4031 564 4111 Barcaei,
606 4025 676 4093 five
711 4019 824 4089 listarl
865 4017 905 4090 ἃ
936 4046 998 4092 va·

1105 3308 1145 3377 rii
1168 3307 1469 3397 superadmirabilis
1497 3309 1655 3380 Exrninrn
1675 3309 1690 3407 l
1707 3307 1795 3382 idest·
1810 3309 1877 3384 (lo-

1106 3412 1225 3507 num)
1267 3416 1368 3478 decern
1403 3409 1541 3480 millium
1578 3413 1701 3501 capacis
1736 3413 1877 3485 militum

1105 3541 1172 3584 curn
1186 3512 1344 3597 stativis,
1372 3510 1425 3584 uti
1448 3508 1572 3587 scribit
1590 3513 1766 3588 Muffatus
1788 3514 1874 3594 Libe

1108 3641 1141 3709 5.
1171 3614 1314 3687 Rubrio.
1341 3639 1374 3708 5.
1411 3614 1544 3690 Histor.
1581 3616 1727 3718 August.
1758 3620 1880 3693 Tanto

1107 3721 1213 3790 molis
1256 3716 1396 3789 vastitas
1438 3714 1542 3792 fidem
1581 3722 1674 3819 apud
1702 3745 1758 3794 me
1785 3744 1878 3795 non-

1106 3821 1188 3892 dum
1219 3818 1407 3910 impetrare
1436 3821 1575 3915 potuit.
1855 3870 1858 3875 ·

1159 3918 1223 3990 Sed
1253 3914 1469 4010 potiffimum
1499 3921 1626 4021 dignus
1652 3928 1719 4011 eli,
1755 3925 1821 4025 qui
1853 3952 1878 4004 Ι

1109 4018 1211 4090 nobis
1239 4041 1558 4116 commemoretur,
1595 4033 1809 4103 Carrariarnrn
1835 4030 1877 4105 in

228 4122 363 4223 ricgatl
390 4121 614 4211 constabant,
642 4143 856 4219 quamquam
878 4119 997 4193 ridee-
1031 4119 1060 4189 E
1109 4122 1204 4193 bello
1232 4118 1336 4208 usus,
1364 4148 1472 4212 quum
1503 4128 1688 4219 peculiaris
1717 4133 1774 4207 hic
1801 4131 1880 4207 fue.

226 4243 287 4302 tur
312 4225 352 4301 id
377 4229 507 4300 nomen
534 4224 656 4307 datum
694 4219 860 4296 tentoriis
896 4249 916 4296 e
942 4250 995 4298 ra-

226 4330 297 4405 tnis
324 4331 488 4404 arborum
528 4325 729 4402 conleilis.
771 4324 995 4419 Trabaecbae‚

227 4433 264 4506 ἃ
302 4434 529 4514 recreabar,
575 4429 700 4529 (idem
746 4430 905 4529 nomen)
942 4429 993 4503 ita

228 4538 422 4637 appellatas
449 4535 635 4636 quisquam
663 4531 827 4633 putabit,
855 4531 948 4633 qood
976 4559 995 4606 e

226 4640 386 4718 trabibus
404 4638 570 4715 tenuibus
587 4635 874 4726 efformarentur‚
890 4661 995 4709 arun·

224 4746 309 4823 dine
339 4765 400 4819 aut
428 4742 590 4815 arborum
627 4737 757 4828 ramis,
794 4740 995 4830 tabulilve‚

229 4869 291 4921 aut
317 4851 439 4923 culmo
465 4843 669 4932 comedim,
696 4839 765 4916 five
790 4843 883 4937 quod
903 4845 995 4915 Tra·

229 4948 290 5020 bes
329 4956 399 5025 tela
435 4946 748 5042 circumcingeret.
786 4945 920 5014 verbm
956 4943 994 5014 in

230 5053 440 5130 Memoriali
482 5047 647 5130 Petebat.
676 5042 838 5144 Regiens.
874 5046 995 5148 Toeto

1108 4222 1157 4296 rit
1193 4241 1393 4315 temporum
1422 4229 1673 4327 posteriorum,
1710 4236 1752 4306 de
1793 4234 1880 4322 qui»

1109 4329 1171 4400 buc
1199 4352 1289 4401 nunc
1318 4329 1472 4428 agimus.
1507 4331 1724 4404 Ricardanus
1751 4327 1877 4406 Mala·-

1109 4428 1205 4524 spina
1232 4425 1321 4525 'Cap
1347 4448 1427 4525 104.
1456 4432 1583 4504 fluor.
1609 4435 1730 4504 Tomo
1772 4437 1879 4514 VIII.

1109 4538 1187 4606 Ret.
1228 4534 1380 4604 Italicae.
1421 4532 1475 4603 his
1522 4534 1636 4607 verbis
1672 4536 1878 4616 florentini

1109 4636 1235 4720 Populi
1265 4632 1471 4704 carrocium
1499 4634 1686 4712 describit:
1719 4646 1751 4711 Ε
1778 4664 1876 4724 nota.

1106 4739 1158 4810 clre'
1177 4735 1201 4803 ’l
1227 4735 1386 4805 Carroceio
1412 4765 1464 4808 era
1484 4766 1527 4808 ern
1551 4769 1641 4814 carre
1657 4745 1692 4812 in
1717 4747 1752 4830 la
1777 4769 1874 4842 quat·

1107 4862 1155 4910 ere
1182 4857 1292 4917 caete,
1329 4858 1411 4906 tutto
1436 4843 1564 4941 dipinto
1603 4851 1803 4942 eremiglio,·
1834 4848 1878 4922 cd

1107 4943 1201 5014 eratri
1232 4940 1307 5036 fele
1343 4945 1403 5012 dne
1441 4949 1563 5032 prandi
1589 4976 1725 5022 antenne
1751 4951 1875 5021 vermi-

1103 5045 1198 5146 glie‚
1235 5043 1269 5118 in
1298 5045 1385 5140 Jullr
1410 5051 1501 5148 quali
1527 5049 1628 5138 flava
1653 5084 1671 5127 e
1695 5056 1873 5126 ornrolaua

1774 5179 1820 5227 ren
