4214 6014
279 338 361 443 ,ες
551 311 1522 440 Anrroorrnrurrnsrr
1706 330 1794 445 ee,

372 544 828 619 BR1x1n.

210 828 214 833 ,
283 746 496 850 [Capriolo
523 744 608 821 fides
636 745 719 823 Lib.
739 750 785 818 V.
807 743 983 820 Historiae

307 853 522 937 Brixiam,
564 853 674 921 Anno
714 846 847 923 Christi
888 850 983 921 MC·

218 957 337 1031 Lxlt.
377 950 548 1026 Brinianis
581 979 603 1021 a
638 950 785 1022 Frderr'et
821 948 984 1046 (scilicet

220 1055 375 1153 Primo)
403 1060 617 1146 Imperatore,
653 1052 788 1125 Brixiae
812 1051 925 1124 diebus
950 1076 984 1120 o·

221 1155 273 1229 sse
299 1177 468 1245 manente,
504 1151 666 1249 concessum
692 1154 735 1240 esi
759 1178 862 1224 eorum
882 1151 986 1248 figeris

222 1260 389 1331 Monetam
424 1261 554 1331 emere.
590 1257 649 1329 Cl.
678 1259 722 1328 V.
751 1256 879 1330 Paulus
914 1257 985 1327 Ga·

222 1359 359 1433 leardus
382 1357 586 1432 Canonicus
615 1356 826 1447 Brixianus,
852 1376 893 1430 ut
918 1354 986 1428 mi·
1033 1353 1062 1424 B

138 1489 140 1495 ·
221 1457 263 1535 hi
290 1458 367 1534 suae
403 1458 534 1558 patriae
574 1463 751 1535 Nummos
786 1455 985 1536 conferret,

221 1586 242 1636 a
284 1587 341 1636 me
380 1589 419 1637 ro
446 1580 547 1648 atus,
588 1587 696 1636 unum
738 1558 986 1634 tantummodo

223 1661 341 1753 misit,
368 1690 387 1737 a
415 1588 447 1737 se
476 1662 589 1737 visum
618 1688 720 1760 penes
748 1661 904 1735 nobilem
930 1659 982 1731 vi·

222 1789 300 1838 rum
336 1768 519 1839 Comitem
540 1768 728 1854 pomnen
776 1759 818 1833 de
854 1759 987 1834 Marti-

222 1890 359 1964 nengo.
390 1865 561 1940 Eumdem
590 1890 730 1963 quoque
758 1862 900 1936 Patavii
927 1861 987 1936 ad·

220 1965 337 2041 servat
371 1971 502 2042 Comes
547 1969 696 2056 loannes
740 1964 784 2038 de
825 1967 988 2050 Lazara,

221 2067 277 2143 uti
305 2068 348 2142 ab
384 2068 501 2143 amico
538 2070 667 2142 Pivato
703 2064 895 2140 intellexi.
932 2064 988 2140 lbi

222 2173 323 2246 Crux
343 2167 467 2244 visitur
493 2196 572 2243 cum
598 2168 786 2269 epigraphe
814 2171 986 2242 BRISIA.

220 2272 257 2345 &
285 2273 322 2348 in
350 2269 469 2346 aversa
496 2288 593 2370 parte
631 2271 805 2370 imagines
841 2268 986 2345 Sanslo-
1025 2254 1062 2331 C

200 2400 299 2464 ¹rum
330 2371 443 2450 Urbis
469 2371 736 2462 Protesiorum,
762 2397 843 2446 curu
869 2369 986 2447 literis

221 2479 255 2549 S.
284 2478 553 2550 FAVSTtNV.
581 2481 613 2548 S.
642 2477 834 2548 IOVITA.

275 2580 440 2652 Alterum
464 2581 661 2650 Nummum
678 2593 879 2676 argenteum
898 2573 986 2650 Mu·

220 2678 318 2752 tinae
359 2675 507 2780 pollidet
548 2675 812 2752 Brrtacchinius
848 2677 886 2749 in
923 2676 984 2750 suo

221 2777 369 2855 Museo.
406 2778 462 2855 Ibi
489 2783 588 2851 Crux
625 2777 860 2871 conspicitur.
896 2774 982 2852 Cir·

220 2879 390 2955 cumstant
416 2877 540 2951 literae
577 2876 837 2961 utrumn
872 2879 983 2954 altera

219 2979 310 3057 satie
345 3008 365 3056 e
399 2978 516 3076 literis
554 2977 698 3054 corrosis
723 2999 877 3080 quatuor
903 2998 982 3056 tan·

219 3090 297 3204 titm
317 3076 519 3202 supersunt,
547 3082 717 3198 videlicet
735 3085 889 3199 il'sOR.
910 3086 983 3154 Ve-

1023 442 1060 514 A
1096 438 1245 510 Xlsllll.
1271 433 1457 512 Malvetio
1492 437 1577 514 teile
1610 437 1651 516 in
1686 442 1859 527 curonis.

1094 540 1192 613 Brix.
1228 565 1248 611 a
1285 564 1340 611 me
1366 540 1465 614 edito
1499 544 1609 619 Tom.
1639 547 1738 618 XIV.
1776 552 1857 625 Rer.
1952 552 1955 556 ’

1094 642 1249 715 Italicae.
1277 639 1403 736 (sive,
1437 660 1477 714 ut
1502 643 1631 720 reslius
1657 644 1754 721 idem
1780 654 1855 725 Ga·

1091 742 1229 815 scardus
1269 741 1454 818 contendit
1478 742 1534 819 in
1573 746 1743 844 poslrema
1777 750 1858 827 edi·

1093 843 1183 917 tion.
1211 843 1291 917 Ital.
1317 848 1410 918 Sacr.
1439 848 1548 921 Anno
1574 851 1855 952 mcxxxiii)

1092 945 1187 1019 idem
1234 944 1465 1023 Innocentius
1507 949 1673 1026 Pontifex
1712 953 1858 1029 Brixiae

1094 1045 1224 1121 suerit.
1253 1050 1460 1124 Perturbata
1487 1051 1645 1152 profesio
1671 1056 1705 1127 δι
1734 1079 1859 1130 manca

1094 1147 1140 1223 est
1166 1148 1323 1225 Historia
1357 1149 1397 1225 in
1423 1153 1525 1228 rebus
1550 1153 1652 1255 gellis
1678 1157 1713 1230 δι
1739 1152 1858 1232 Chro-

1094 1251 1239 1350 nologia
1277 1251 1478 1329 Innocentis
1517 1255 1564 1331 [Ι.
1591 1252 1632 1333 &
1668 1259 1786 1333 nullus
1811 1285 1857 1333 ex

1095 1349 1300 1445 synchronis
1335 1353 1586 1454 Scriptoribus-
1611 1357 1760 1443 innuit,
1795 1358 1859 1434 In·

1081 1453 1301 1528 nocentium
1342 1458 1453 1531 Auno
1486 1461 1737 1535 mcxxxur.
1774 1461 1857 1536 Bri·

1095 1553 1192 1628 stiam
1221 1554 1441 1660 pmseslum3
1470 1577 1507 1633 at
1533 1558 1608 1634 fieri
1638 1561 1784 1660 potuit,
1812 1577 1856 1639 ut

1094 1655 1177 1728 dum
1219 1659 1419 1746 Placentiae
1454 1661 1645 1735 adventum
1686 1662 1857 1739 Lotharii

1094 1757 1306 1833 Germaniae
1341 1787 1381 1834 ac
1419 1761 1543 1838 Italiae
1581 1761 1687 1863 Regis
1714 1765 1857 1864 opperi-

1094 1878 1211 1950 retur,
1238 1861 1433 1937 excurrerit
1452 1863 1557 1963 usque
1583 1864 1764 1939 Brixiam.
1791 1864 1858 1940 Sed

1095 1959 1274 2059 postquam
1304 1963 1371 2038 hoc
1399 1965 1583 2053 statueris,
1620 1967 1858 2065 quaerendum

1095 2061 1261 2162 superest,
1277 2092 1345 2162 qua
1366 2064 1534 2142 sacultate
1556 2068 1716 2143 Brixiani
1738 2073 1858 2145 Num·

1095 2190 1193 2238 mum
1235 2168 1462 2266 percusserint
1496 2197 1539 2244 eo
1576 2174 1712 2260 Anno,
1747 2189 1861 2269 quum·

1095 2269 1206 2341 Anno
1232 2270 1371 2342 tantiam
1392 2275 1589 2348 MCLllls.
1610 2272 1782 2372 ejusmodi
1805 2273 1859 2349 ‘u-

1094 2395 1132 2443 re
1169 2368 1292 2444 donati
1330 2369 1490 2465 suerint,
1527 2372 1551 2447 fi
1586 2400 1669 2449 vera
1703 2372 1750 2448 est
1784 2300 1860 2448 (ia-

1096 2469 1209 2568 preoli
1235 2470 1434 2549 sententia.
1469 2475 1533 2551 Sed
1570 2475 1669 2575 supra
1697 2476 1858 2552 laudatur

1094 2573 1287 2654 Galesrdus
1322 2577 1380 2647 vel
1416 2577 1459 2650 ab
1487 2583 1595 2650 Anno
1622 2575 1755 2651 Christi
1792 2575 1859 2651 M·

1095 2675 1210 2748 xLlr.
1237 2673 1424 2750 Brixianos
1455 2677 1643 2778 obhgnnsse
1672 2678 1857 2777 pecuniam

1093 2773 1230 2864 tradit,
1256 2797 1367 2875 quam·
1389 2777 1427 2851 in
1455 2806 1528 2855 rem
1556 2806 1644 2878 quae
1671 2800 1764 2855 certa
1792 2779 1859 2852 do-

1095 2895 1260 2952 cumenta
1285 2878 1317 2954 is
1344 2877 1498 2972 adserat,
1526 2881 1680 2956 nondum
1710 2881 1858 2957 rescivi.

1096 2981 1301 3079 Utcumque
1319 2979 1382 3064 fit,
1409 2980 1585 3059 insuetum
1614 2986 1717 3082 plane
1737 2983 1859 3058 videa·

1093 3096 1173 3167 tur,
1200 3106 1314 3176 neque
1341 3107 1402 3178 par
1428 3086 1629 3179 exemplum
1659 3083 1858 3177 succurrat,

220 3212 252 3260 rr
279 3183 390 3257 smrle
417 3183 558 3261 videtur
593 3183 645 3254 rbr
684 3181 852 3281 scriptum
880 3176 981 3254 fuisse
1025 3163 1059 3232 D
1090 3175 1292 3250 Civitatem
1319 3181 1593 3255 Lombardicam
1621 3184 1768 3258 liberam
1790 3213 1857 3258 no·

219 3286 444 3361 reniale.
474 3285 802 3356 IMPERATOR.

271 3385 391 3463 Tertii
417 3385 568 3462 Nummi
594 3383 747 3485 ebiypon
766 3382 808 3459 ad
836 3409 892 3458 me
912 3382 982 3459 mi·

221 3487 264 3565 fit
306 3487 548 3590 praelaudatus
587 3483 794 3563 Canonicus
836 3487 981 3561 Galear·

220 3593 304 3667 dus.
332 3592 390 3667 lbi
416 3595 515 3667 Crux
542 3591 661 3665 eadem
689 3587 811 3665 nifitur
836 3614 917 3663 cum
937 3587 984 3662 li·

220 3693 306 3767 teris
333 3717 394 3787 per
419 3693 566 3790 angulos
589 3690 785 3789 dispertitis
812 3689 840 3763 l.
868 3690 916 3764 ss.
945 3693 984 3764 P.

219 3794 260 3868 P.
289 3796 328 3864 ln
356 3790 470 3866 limbo
507 3794 694 3866 BRlSlA.
730 3791 862 3866 Eadem
898 3794 983 3864 San·

218 3892 358 3967 ssorum
387 3912 614 3991 patronorum
642 3891 776 3991 effigies
804 3891 842 3964 in
874 3893 983 3963 altera

219 4009 336 4085 parte.
363 3994 542 4082 Opinatur
568 3991 625 4062 vir
651 3990 715 4059 ille
741 3988 982 4068 dottiffimus,

217 4083 335 4161 cusum
364 4084 463 4157 suilse
499 4085 593 4156 hunc
632 4088 828 4157 Nummum
856 4113 876 4158 a
903 4085 981 4160 Bri·
1028 4063 1058 4133 Ε

217 4187 326 4265 >tiano
354 4186 490 4286 Populo
526 4185 564 4259 in
600 4183 770 4258 honorem
807 4187 983 4261 interestis

216 4297 263 4367 ss.
302 4297 446 4383 Papae,
486 4289 585 4391 cujus
619 4313 748 4362 nomen
785 4287 900 4365 literis
936 4289 983 4367 iis

217 4390 422 4486 indicetur,
448 4417 557 4492 quum
584 4395 694 4468 Anno
723 4388 856 4468 Christi
885 4395 982 4471 Mc-

1091 3302 1173 3353 men
1201 3281 1314 3378 Papae
1349 3279 1388 3354 in
1424 3280 1494 3358 suis
1522 3282 1691 3359 Nummis
1717 3286 1856 3360 exaras-

1092 3378 1147 3469 se,
1180 3406 1291 3479 quum
1327 3381 1395 3457 hoe
1430 3384 1688 3461 dominationis
1714 3405 1857 3486 tempo·

1092 3481 1177 3556 ralis
1203 3481 1337 3582 signum
1364 3483 1435 3579 srt,
1470 3513 1584 3586 neque
1619 3504 1712 3565 certe
1749 3492 1862 3564 Inno-

1094 3584 1215 3658 centio
1242 3589 1289 3659 11.
1316 3584 1422 3661 suerit
1448 3588 1592 3664 Brixiae
1618 3591 1692 3664 ulla
1718 3605 1860 3691 tempo·

1094 3687 1180 3760 ralis
1206 3685 1319 3760 ditio.
1347 3688 1552 3788 suspicabar
1577 3716 1670 3791 ego,
1696 3717 1740 3764 sn
1767 3719 1785 3767 e
1809 3692 1858 3769 li-

1095 3787 1201 3866 teris,
1227 3787 1437 3883 diligentius
1464 3789 1659 3885 inspeetis,
1696 3793 1858 3896 exsurge·

1093 3910 1130 3957 re
1156 3883 1266 3983 posset
1301 3890 1624 3974 sNPERATOR,
1661 3914 1701 3968 ut
1737 3897 1782 3972 esi
1817 3897 1857 3971 iu

1094 3987 1254 4060 Nummo
1280 3985 1462 4062 'sitinensi
1491 3994 1764 4073 Decirnosexto.
1790 3999 1857 4074 Sed

1092 4084 1238 4183 praestat
1265 4088 1464 4189 relinquere
1490 4092 1648 4171 Civibus
1676 4100 1857 4175 Brixianis

1092 4189 1294 4307 tenebrosae
1328 4191 1432 4295 hujus
1466 4196 1671 4300 epigraphes
1695 4200 1855 4300 explica-

1090 4310 1228 4368 ttouem
1244 4347 1255 4368 .
