4214 6014
249 259 250 262 ’
389 326 473 407 247
661 283 1631 404 auarourmtuurraaur
1821 297 1904 403 ηε

368 408 539 510 Menagio
580 408 618 484 in
660 411 773 485 Libro
814 411 855 484 de
900 411 1079 511 Originib.
1123 414 1155 485 A
1201 425 1258 476 tur
1284 405 1404 504 ignis:
1449 405 1486 482 ἃ
1525 411 1584 483 ubi
1612 406 1793 482 admoneri
1823 409 1965 483 flamma

316 506 480 611 Linguae
501 510 615 584 Italic.
635 512 845 604 arbitranti,
873 511 966 585 idem
983 512 1082 586 fuisse

316 607 494 702 Bitisredos
520 640 599 686 curn
620 614 825 706 Battifollr'r,
852 618 886 687 &
909 619 1080 689 Du·Can-

316 709 378 807 gio
406 711 444 785 in
471 715 629 788 eamdem
657 714 866 792 sententiam
894 718 1080 816 loquenti,

316 837 388 888 non
426 814 530 889 facile
572 844 638 916 ego
668 817 938 912 ‘adstipulabor.
980 819 1078 892 Mihi

314 916 504 990 creduntur
539 920 715 1008 Binbelli,
757 920 799 992 de
825 921 952 1019 quibus
981 920 1079 1021 supra

314 1017 433 1092 astum
473 1018 540 1110 est,
575 1022 714 1118 ligneae
750 1027 888 1096 tantum
926 1027 1078 1102 Turres,

313 1119 385 1194 stve
413 1147 533 1221 parum
561 1121 739 1196 diffinitis
771 1122 928 1206 formae,
950 1127 1075 1199 ¹tradi·

313 1237 372 1295 tae
419 1250 607 1322 paucorum
668 1225 825 1324 peditum
873 1226 1075 1326 custodiae3

1199 527 1362 604 poterat,
1403 535 1548 607 eamque
1584 511 1682 584 sudes
1723 538 1763 583 ac
1804 513 1964 585 tabulata

1198 609 1467 707 concipiebant,
1497 613 1664 686 ultimum
1693 613 1821 686 eisdem
1854 612 1964 688 Basti*

1198 710 1244 782 tis
1286 713 1500 786 imminebat
1526 715 1753 792 excidium.
1806 721 1965 792 Fuerunt

1197 809 1305 883 etiam
1332 815 1489 885 stellatae
1524 811 1562 887 ἃ
1594 818 1727 888 Palatae
1758 819 1963 893 munimen·

1198 932 1315 986 torum
1344 913 1494 1013 species,
1539 944 1582 988 ex
1625 918 1785 1016 palis&
1824 921 1963 1020 lignis,
2047 954 2053 968 ·

1198 1041 1344 1112 quarum
1383 1020 1520 1092 mentio
1547 1018 1592 1090 est
1618 1017 1655 1090 in
1695 1019 1851 1094 Historia
1879 1028 1965 1095 Fer·

1199 1117 1360 1199 rariensr,
1403 1139 1508 1217 atque
1548 1120 1586 1193 in
1628 1121 1700 1220 ejus
1743 1122 1851 1195 Urbis
1878 1150 1963 1223 agro

1200 1219 1284 1291 Vici
1312 1219 1504 1309 habentur,
1543 1220 1637 1294 idem
1678 1223 1870 1298 retinentes
1896 1252 1963 1298 no·

314 1325 485 1412 Batrisollr'
511 1346 651 1416 autem,
701 1327 795 1400 idem
837 1328 946 1403 ferme
972 1351 1077 1426 atque
1120 1332 1148 1401 B
1197 1345 1299 1392 men·
1329 1324 1490 1419 Denique
1517 1326 1649 1398 Turres
1675 1324 1713 1399 in
1742 1327 1859 1424 agris,
1886 1330 1963 1404 col-

314 1425 482 1511 Baliitae,
510 1432 770 1529 propugnacula
799 1431 935 1505 scilicet
958 1450 1077 1504 tantae

269 1561 274 1570 ·
312 1525 540 1611 latitudinis,
569 1550 609 1604 ut
628 1532 766 1628 equites
785 1533 892 1607 etiam
914 1536 947 1605 δι
968 1558 1076 1629 equos

312 1629 564 1722 continerent,
617 1635 669 1705 uti
720 1635 822 1707 nobis
872 1635 1075 1732 praecedens

313 1728 451 1804 Charta
478 1731 717 1830 fignificavit.
747 1735 920 1808 Nicolaus
947 1735 1075 1834 Tegri-

311 1855 391 1903 mus
418 1833 456 1908 in
485 1834 570 1905 Vita
599 1833 790 1908 Castruccii
832 1836 915 1910 haec
943 1838 1072 1911 habet:

1196 1421 1311 1503 libus,
1357 1449 1395 1494 ac
1442 1426 1623 1499 montibus
1659 1420 1960 1505 donstituebantur

1197 1522 1270 1616 ejus
1311 1521 1557 1614 sortitudms,
1604 1549 1643 1601 ut
1679 1532 1889 1629 quandoque
1914 1531 1958 1606 ad

1196 1650 1251 1695 eas
1279 1629 1524 1724 expugnandas
1552 1629 1655 1728 julius
1683 1635 1856 1707 exercitus
1879 1633 1959 1709 exie

1196 1748 1353 1823 geretur.
1401 1729 1508 1801 Hisce
1545 1735 1720 1806 interdum
1765 1735 1956 1810 exteriores

1195 1827 1413 1901 munitiones
1458 1831 1714 1931 adjiciebantur
1766 1840 1807 1910 ad
1854 1837 1958 1912 instar

312 1935 444 2004 Primus
463 1935 563 2029 supra
589 1936 779 2031 sergianum
806 1938 978 2026 Castellum
1004 1947 1075 2011 Ar·
1195 1930 1359 2014 Bastitat·
1399 1936 1512 2004 lmmo
1544 1943 1751 2037 quandoque
1779 1940 1958 2013 Manasse-

312 2061 375 2106 cem
402 2036 588 2128 aedificavit
616 2036 738 2134 (quam
765 2043 988 2132 Sat'zanellum
1017 2047 1074 2135 apl
1193 2031 1245 2102 fla
1285 2058 1325 2103 ²⁶
1362 2035 1514 2132 Templa
1553 2041 1650 2112 vallo
1688 2040 1956 2122 circumdatio,

308 2138 501 2237 pellamus)
540 2141 573 2209 in
596 2139 733 2230 [ormam
760 2144 930 2233 Barisatlr's
956 2144 970 2241 (
987 2145 1076 2214 illius
1193 2135 1373 2224 Bonosus,
1433 2138 1581 2235 aliisque
1632 2140 1862 2215 munimentis
1913 2142 1957 2215 ad

312 2241 430 2334 aetatis
455 2240 639 2339 vocabula)
666 2270 734 2312 eum
761 2273 874 2340 aggere
901 2264 947 2324 φ
974 2248 1077 2343 lignis
1113 2236 1148 2312 C
1194 2233 1291 2306 usum
1334 2236 1418 2309 belli
1461 2239 1738 2316 instruebantur:
1783 2244 1876 2341 quod
1903 2243 1956 2314 in-

311 2361 456 2439 terraque
480 2344 644 2438 congello‚·
683 2347 838 2416 adversus
866 2348 989 2438 subitas
1025 2350 1076 2418 in·
1190 2337 1348 2421 “lilla'‘
1374 2344 1588 2437 appellum
1617 2345 1688 2431 est·
1716 2343 1783 2418 hoc
1810 2345 1876 2436 ests
1902 2344 1956 2419 list

312 2446 417 2534 cursus
442 2446 540 2514 locum
568 2446 661 2514 illum
687 2449 854 2518 munivit:
884 2449 1076 2544 postmodum
1192 2439 1352 2528 munire,
1399 2441 1541 2540 perinde
1581 2465 1686 2541 atque
1722 2447 1840 2520 Castra
1875 2445 1955 2538 ‘five

1192 2539 1342 2611 Castella
1371 2542 1510 2616 forent.
1543 2550 1579 2617 ln
1609 2544 1782 2621 Concilio
1810 2553 1957 2624 Latera-

312 2546 356 2616 &
383 2546 462 2618 ealce
489 2547 699 2642 lateribusque
724 2549 869 2619 tutiorem
906 2554 1073 2624 reddidit.

1192 2639 1283 2709 nensr
1330 2646 1440 2713 Anno
1477 2647 1690 2719 Mcxxul.
1715 2645 1855 2722 Canon.
1897 2675 1956 2744 14.

312 2651 432 2740 Quare
458 2649 627 2737 Bartisolli
655 2649 716 2721 vix
744 2676 763 2720 a
790 2649 925 2733 Bastitis
949 2651 1072 2724 dirersr

308 2748 428 2845 fuere3
473 2747 511 2820 ἃ
554 2749 620 2817 hoc
662 2749 713 2818 eis
756 2773 883 2819 nomen
915 2749 1070 2823 inditum
1190 2738 1344 2821 Eccltfias
1379 2771 1400 2813 a
1436 2745 1543 2813 Laicis
1579 2748 1795 2833 incastellari,
1834 2772 1892 2827 aut
1919 2753 1956 2823 in

306 2864 424 2946 puto,
461 2864 500 2920 ut
521 2846 636 2936 falles,
673 2845 756 2920 idesl
784 2846 931 2938 stultos,
958 2850 1068 2922 barne.
1183 2839 1372 2929 setvirutem
1398 2845 1528 2940 redigi,
1554 2847 1744 2919 audomare
1769 2853 1956 2943 Apostolica

306 2971 403 3030 rent,
431 2946 514 3021 idest
541 2946 843 3046 comprimerent,
879 2947 902 3022 fi
929 2959 1069 3050 quando
1187 2942 1406 3031 wishem&-
1435 2951 1606 3022 Attamen
1637 2978 1762 3037 p³u⁶0³
1791 2953 1863 3051 1³⁰st
1891 2981 1954 3029 an·

307 3052 351 3127 ad
387 3049 624 3131 seditionem,
664 3051 964 3150 rebellionemque
991 3083 1070 3131 ver.
1193 3069 1253 3115 nos
1280 3044 1432 3120 eximius
1460 3047 1657 3125 sansiitatis
1695 3056 1815 3140 locus,
1854 3056 1955 3132 vide·

306 3173 448 3252 gerent.
485 3145 658 3240 Iohannes
697 3153 876 3226 Villanius
917 3155 999 3228 Lib.
1034 3181 1067 3250 ς.
1115 3157 1144 3222 D
1188 3144 1274 3216 licet
1302 3145 1445 3220 Bafilica
1475 3149 1546 3245 ipsa
1575 3153 1776 3241 Vaticana,
1804 3160 1954 3235 calami·

306 3259 395 3352 Cap.
416 3279 447 3326 a..
470 3252 602 3326 Histoe.
623 3251 753 3334 tradit,
781 3253 1068 3331 aMediolanen.
1189 3245 1256 3317 tati
1285 3244 1367 3320 huic
1394 3248 1550 3324 obnoxia
1577 3246 1671 3336 luit,
1715 3275 1755 3330 ut
1796 3262 1953 3355 produnt

303 3354 393 3429 libus
421 3354 601 3453 Oppidum
629 3352 667 3426 in
695 3357 910 3430 Lombardia
943 3361 1067 3435 condi.
1191 3345 1281 3420 Asia
1310 3349 1481 3424 friderici
1509 3353 1537 3427 l.
1566 3357 1743 3454 Augusti,
1771 3360 1953 3436 rellatum-

303 3476 381 3535 tum
409 3456 534 3539 luisse,
561 3455 645 3532 idest
672 3457 950 3549 Alexandriam,
977 3464 1067 3556 quast
1188 3476 1256 3546 que
1310 3452 1457 3550 reliquit
1511 3458 1670 3532 Gerohus
1733 3463 1949 3560 Praepostrus

297 3583 355 3657 per
380 3586 444 3633 una
471 3562 608 3646 Ballira
627 3561 671 3630 (a
697 3561 886 3651 Beudena,
926 3562 1065 3637 incontra
1191 3551 1552 3655 Relchetl'pergeufis,
1579 3563 1780 3641 eorumdem
1812 3585 1949 3665 tempo-
2079 3601 2082 3605 ·

302 3664 372 3734 alta
391 3665 483 3732 Cina
497 3662 535 3732 di
553 3661 679 3734 Paula.
708 3667 762 3735 lta
782 3661 865 3737 Lib.
876 3665 910 3738 6.
922 3666 1010 3761 Cap.
1025 3694 1061 3764 4.

299 3765 335 3837 Ε
358 3785 415 3857 per
441 3763 633 3853 Battisolle‚
673 3788 764 3834 overe
789 3766 919 3851 Ballira
943 3769 983 3837 vi
1005 3791 1062 3862 po·

292 3863 371 3958 [ono
397 3865 618 3939 r'..Fr'arentr'ni
643 3866 671 3935 il
704 3866 842 3953 castello
870 3864 1063 3959 d'Aneisa.

1187 3680 1264 3726 rum
1301 3661 1460 3756 Scriptor
1497 3659 1581 3734 Lib.
1617 3685 1651 3756 5.
1687 3676 1768 3766 pag.¹
1803 3690 1883 3761 114.
1910 3669 1948 3743 ia

1185 3753 1270 3828 baec
1298 3761 1401 3832 verba
1429 3762 1601 3855 loquens:
1639 3773 1727 3837 Unde
1754 3795 1814 3838 non
1840 3773 1947 3840 imme·

1184 3859 1245 3924 riti
1270 3861 1428 3947 delemur,
1455 3867 1537 3951 quod
1561 3869 1662 3937 adbuc
1689 3869 1724 3937 in
1749 3873 1838 3941 domo
1862 3874 1947 3944 beati

299 3967 348 4036 Et
383 3967 468 4040 Lib,
507 3990 562 4037 10.
591 3970 679 4060 Cap,
714 3989 794 4059 ¹7¹·
831 3966 965 4033 Feciono
998 3994 1063 4038 una
1185 3956 1273 4025 Petri
1299 3959 1458 4047 Principis
1494 3966 1715 4058 Apostolorum
1747 3975 1948 4059 desolationis

301 4065 431 4147 Bastita
449 4064 750 4151 nveroBattisolle,
766 4063 914 4156 guernito
929 4062 968 4130 di
981 4091 1063 4158 gen·
1112 4055 1133 4119 Ε
1185 4057 1447 4131 abominationem
1484 4068 1570 4147 flare
1617 4070 1793 4154 vidimus,
1835 4074 1947 4165 pofitis

297 4187 329 4238 te
354 4161 504 4237 d’nnnr'.
546 4160 698 4258 Aliquid
740 4180 858 4235 tamen
885 4159 1060 4237 discrimi-

298 4264 354 4341 nis
381 4294 424 4341 ex
453 4267 571 4362 aliqua
598 4260 800 4337 diversitate
840 4261 973 4337 formae
1004 4263 1060 4338 in-

297 4387 351 4442 tet
377 4369 520 4456 Basilus
547 4369 581 4440 &
609 4365 795 4455 Battrsolles
821 4364 974 4441 sortaffis'
1002 4365 1057 4441 itt·

296 4469 512 4554 tercesserit,
566 4495 673 4568 quum
721 4466 918 4542 Historicur
963 4466 1057 4543 idem

295 4571 380 4651 Lib.
406 4597 461 4648 ιο.
481 4569 572 4673 Cap.
594 4572 678 4648 206.
707 4569 880 4667 scripserit
907 4570 949 4647 de
967 4571 1053 4647 obst·

1184 4177 1280 4228 ettam
1303 4168 1550 4258 propugnaculis
1585 4167 1632 4246 Θ
1670 4177 1747 4246 aliis
1783 4180 1948 4250 Bellorum

1184 4258 1397 4346 instrumentis
1424 4266 1458 4337 t'n
1484 4271 1657 4342 altitudine
1680 4278 1868 4345 sanr‘luarrr'
1893 4282 1949 4353 lu-

1183 4385 1243 4457 pra
1282 4388 1388 4462 corpas
1422 4371 1509 4439 beati
1547 4374 1655 4442 Petri.
1681 4377 1747 4442 *Et
1786 4371 1948 4465 prosette

1184 4464 1335 4565 legimus
1362 4471 1522 4542 multum.
1543 4469 1812 4566 impedimenti,
1851 4483 1946 4553 mul·

1185 4587 1330 4667 tumque
1357 4567 1533 4643 molestiae
1573 4568 1749 4646 interdum
1778 4602 1820 4649 ex
1849 4577 1946 4658 btsce

1181 4670 1271 4741 locis
1311 4669 1398 4741 hosii
1444 4668 1594 4767 objrllt's
1636 4672 1734 4749 suisle
1760 4679 1941 4762 inlatum.

1181 4774 1221 4842 In
1248 4767 1411 4842 Archino
1440 4773 1685 4849 Nonantulani
1726 4777 1941 4861 Mutinense

1179 4869 1385 4944 Monasterri
1413 4869 1445 4945 se
1474 4875 1565 4947 mibi
1591 4878 1724 4953 obtulrt
1767 4886 1937 4964 vetustum

294 4674 400 4749 dione
442 4669 593 4773 Bargae:
642 4679 690 4744 Et
728 4701 810 4744 evea
848 4673 970 4747 intorno
996 4675 1066 4766 piir·

292 4777 461 4872 Barrifrllr'
496 4804 511 4848 r
547 4776 689 4863 Balbin
727 4779 847 4869 ,Porro
892 4775 1055 4852 adversus

293 4876 464 4966 eiusmodi
492 4878 710 4978 munitiones
736 4879 896 4977 ligneas.
927 4887 1053 4958 quibus·

291 4975 437 5064 Belidae
460 5008 591 5058 nomen
618 4997 718 5073 erat,
753 4978 852 5084 saepe
877 4974 1088 5056 desereba··
1176 4972 1414 5081 apographum
1459 4973 1612 5104 Chartae
1656 4980 1847 5164 spasiantr'ds
1893 4987 1952 5082 ad·

470 5094 475 5101 '
962 5110 967 5119 .
1691 5158 1696 5167 ,
1759 5109 1812 5165 „c
1848 5111 1886 5158 e-
