4214 6014
214 318 217 322 *
301 338 387 446 ηρ
563 272 977 424 ὐιεεῑκτΑτιο
1017 306 1516 425 ‘mansrnnnnrra
1741 368 1828 450 230
1964 272 1986 314 ⁵

241 449 414 526 celebrem
466 453 689 528 Comitissam
746 452 1001 535 Mathildem,
1046 456 1079 525 A

240 573 330 646 quae
364 555 475 629 multa
511 557 550 629 in
586 556 840 657 emphyteufim
875 583 1002 631 eonce-

239 651 317 741 dir,
343 657 616 732 reconditione
642 658 818 759 appofitl,
849 679 889 733 ut
916 663 1003 731 Em-

238 751 427 851 pbyteutae
462 767 598 832 Rectam
631 766 672 831 de
710 758 882 857 Giffadelsa
914 757 1035 836 inca-l

1113 450 1265 538 stellare,
1287 451 1437 546 guaitare
1464 451 1573 550 (idest
1595 452 1651 541 sat
1675 453 1706 523 le
1724 449 1887 549 guardre)

1121 551 1169 633 (r
1194 553 1336 625 laborare
1362 551 1409 631 &
1434 556 1576 626 claudere
1601 552 1756 627 debeant.
1785 554 1887 627 Illam

1121 679 1261 752 quoque
1289 653 1499 729 Chartulam
1526 656 1569 730 ab
1595 655 1783 731 oblivione
1803 655 1886 729 vin·

1120 753 1237 832 dicare
1263 757 1429 832 decrevi.

237 992 446 1077 concessio
478 1015 672 1101 terrarum
704 992 804 1080 seila
838 951 1111 1108 llildeprando
1142 992 1180 1074 dr
1212 988 1392 1078 Gnidoni
1423 988 1606 1078 tratribus
1637 990 1885 1083 aMrrhilde

450 1111 689 1223 Comitille,
720 1141 764 1200 ur
796 1117 1003 1200 Roccham
1035 1107 1255 1197 Ghisadelli
1285 1110 1467 1227 deinceps
1497 1109 1683 1227 muniant

745 1235 783 1316 dr
815 1232 1060 1337 custodiant,
1091 1236 1215 1315 Auno
1250 1232 1376 1315 1108.

182 1494 186 1501 '
286 1481 326 1550 N
346 1479 469 1553 nomine
493 1482 610 1554 senile
644 1483 690 1553 θ
724 1484 898 1556 individue
923 1486 1001 1557 Tri·
1045 1488 1073 1557 B
1117 1481 1174 1550 vel
1198 1480 1313 1568 vestris
1338 1480 1504 1554 heredibus
1529 1481 1676 1579 usquein
1699 1503 1886 1578 perpetuam

309 1581 443 1655 nitatis.
470 1590 573 1657 Anna
607 1583 650 1656 ab
686 1589 905 1659 incarnatione
931 1593 1000 1660 Da-

233 1680 318 1752 tnini
345 1682 439 1767 nostri
461 1691 491 1774 J
494 1687 544 1774 esu
570 1686 690 1771 Christi
716 1689 890 1763 Mrlselima
914 1695 998 1761 Cen-

215 1778 342 1864 ¹test'trtrr
364 1782 509 1874 Oe‘savo,
536 1791 623 1858 XVI.
652 1791 819 1860 Kalendas
837 1792 1000 1885 Oiiebris,

235 1879 417 1955 Indidione
445 1887 578 1961 Prima.
615 1892 663 1958 Et
699 1891 767 1960 ideo
794 1895 827 1962 in
855 1894 920 1964 Dei
946 1922 997 1965 na·

233 1981 319 2055 mirre
344 2010 398 2080 ego
425 1989 551 2080 quidem
577 1995 696 2063 Danaa
723 1995 871 2063 Matilda
906 1995 999 2065 inesi-

233 2103 271 2156 ta
297 2084 462 2181 Comitiffa
483 2089 562 2180 filia
583 2092 693 2163 Donni
711 2095 875 2185 Bonifatii
902 2101 999 2167 Mar·

234 2185 382 2277 ebionis,
415 2209 473 2284 pet
507 2195 661 2264 cartulam
693 2197 868 2289 precariam
903 2219 999 2295 atque

1117 1581 1299 1672 defensare,
1327 1581 1375 1662 &¹
1401 1583 1583 1677 autorizare
1608 1585 1677 1657 06.

1167 1685 1319 1754 Matilda
1346 1687 1412 1755 Dei
1432 1685 1600 1781 gratiafi
1623 1687 1705 1782 qnid
1729 1686 1792 1774 ell.
1839 1710 1841 1714 ·
1880 1720 1886 1739 ⁴

1165 1791 1239 1882 Ego
1278 1787 1403 1860 Daniel
1443 1787 1721 1874 Mantebelsienfir
1755 1787 1884 1862 mehr·-

1266 1887 1431 1985 pretbyter
1457 1889 1589 1980 interfui
1615 1887 1688 1969 &n

1166 1990 1292 2062 Adane
1318 1992 1352 2060 in
1378 1992 1442 2060 laea
1471 1990 1580 2063 tanet
1605 1991 1730 2080 Cesarii
1742 2044 1753 2063 .
1880 2013 1883 2019 “

1166 2093 1227 2163 Ab
1254 2091 1413 2163 Arabum
1441 2092 1574 2191 populo
1592 2090 1748 2163 didicere
1767 2093 1882 2182 majo·

1114 2218 1168 2266 res
1195 2189 1300 2266 nostri
1329 2189 1427 2264 usum
1464 2189 1651 2264 ferrearum
1689 2191 1882 2267 catarabla·

233 2286 544 2382 emphyteetecariam
572 2294 661 2387 juris
694 2300 838 2379 nanrine,
874 2304 1001 2371 conredo
1113 2320 1190 2368 tum
1219 2289 1258 2365 in
1285 2292 1439 2367 cancelli
1463 2317 1621 2381 morem,
1649 2318 1738 2390 quae
1766 2293 1879 2393 portis

230 2389 325 2459 notis
351 2389 547 2466 stebrande
567 2396 685 2493 jugera
709 2402 792 2481 dna,
819 2399 865 2478 ά*
893 2404 1000 2473 Gnida
1039 2386 1075 2464 C
1113 2394 1299 2485 Urbium.
1332 2396 1367 2466 &
1397 2393 1547 2468 Artium
1574 2393 1687 2467 “dhuc
1714 2393 1880 2496 superi*

228 2490 378 2585 germani
396 2490 515 2591 jugera
533 2501 596 2569 duo
614 2501 681 2571 &a
702 2499 886 2601 (sequitur
906 2509 997 2579 mul·

232 2605 351 2664 rarum
380 2593 532 2671 aliorum
559 2602 719 2700 jugerum
748 2603 922 2680 concrlfio
942 2608 997 2681 di·

230 2691 335 2766 verbe
363 2695 567 2799 personis).
593 2711 696 2800 Quae
720 2727 824 2776 antem
848 2706 919 2795 jam
944 2710 997 2780 dt'·

229 2789 287 2864 da
310 2791 425 2888 iugera
445 2799 523 2886 sunt
550 2804 584 2872 in
610 2811 708 2875 Curre
733 2811 883 2900 cellula,
919 2837 996 2906 quo·

229 2917 302 2962 rtem
337 2894 494 2970 weabnsa
524 2904 602 2994 [rent
635 2910 733 2976 Curte
757 2912 795 2979 de
821 2905 973 2983 Panseesa
985 2961 997 2994 ,

231 2992 278 3064 Θ·
315 3000 413 3068 Curre
446 3005 486 3072 de
521 3005 709 3101 Radigofir,
746 3006 794 3089 (r
830 3012 865 3082 in
900 3019 998 3085 Curre

228 3094 337 3192 (iisse,
364 3098 412 3177 (θ’
437 3104 471 3173 in
497 3108 576 3179 asiis
602 3109 677 3180 sarrs
702 3107 775 3187 &a
803 3133 993 3186 tantummo-

225 3203 269 3273 do
292 3210 339 3274 ad
363 3203 561 3289 babendum,
588 3219 776 3296 tenendum,
798 3216 993 3307 fruendum,

223 3303 407 3395 satiendam
434 3310 585 3404 quicquid
608 3312 704 3382 vebis
730 3317 811 3386 utile
832 3319 911 3390 erit.
940 3322 994 3390 Eo

226 3404 401 3479 videlicet
428 3412 557 3492 modo,
593 3431 633 3484 ut
662 3417 814 3487 Roccam
842 3419 884 3490 de
911 3418 992 3491 Gis·

193 3552 197 3559 <
228 3503 386 3596 sadello,
423 3535 485 3605 pro
521 3537 590 3606 qua
627 3515 747 3586 omnia
784 3516 830 3587 do
866 3520 994 3606 vobis,

228 3605 274 3679 ab
317 3604 382 3677 hac
422 3633 483 3679 ora
524 3610 563 3681 in
605 3628 706 3682 antea
748 3611 994 3705 incastellare,

227 3705 419 3806 gualtere,
456 3707 493 3783 ἂ
531 3712 724 3794 laborare,
760 3710 799 3787 δι
837 3717 996 3790 claudere

225 3808 409 3890 debeatis,
447 3809 534 3885 sicut
569 3814 670 3886 decet
705 3816 740 3886 dc
778 3816 994 3891 conveniens

226 3908 316 3983 erit.
344 3915 396 3984 lta
422 3935 458 3982 nt
483 3915 568 3984 omni
592 3922 694 3987 Anna
711 3918 752 3986 de
769 3919 871 4010 mense
895 3924 994 3989 Mar-

225 4013 273 4090 tia
315 4017 511 4086 denariorum
558 4017 769 4089 Veneticornm
816 4019 993 4113 persolvere

225 4117 369 4194 debeatis
413 4137 470 4206 per
513 4142 757 4212 unumquemque
798 4120 911 4217 ingens
948 4125 994 4195 ad

226 4219 367 4304 Ecclefia
392 4216 507 4288 saneti
531 4217 682 4300 silvestri
707 4220 859 4312 usquein
882 4245 992 4320 perpe·

226 4344 334 4395 tunm.
360 4321 402 4393 si
430 4345 505 4390 vere
529 4315 677 4410 prediz‘ia
705 4327 809 4390 Roeea
841 4343 992 4412 perman-

220 4423 322 4516 serit,
348 4423 395 4501 (φ
417 4421 448 4506 fi
476 4422 616 4492 Domina
643 4422 794 4491 Matisda
821 4421 855 4491 in
882 4425 994 4520 reliqna

226 4527 407 4597 medaeam
434 4523 615 4619 reliquerit,
652 4525 707 4593 vel
732 4522 912 4610 vallaverit
944 4524 993 4609 st-

227 4652 266 4697 rte
291 4627 360 4697 ussa
385 4621 554 4703 occasione,
580 4650 639 4720 que
663 4621 740 4715 fieti
763 4625 882 4720 potest,
918 4648 993 4720 pre·

225 4724 315 4802 disin
339 4733 477 4797 Camala
502 4723 645 4817 deinceps
678 4747 861 4814 permaneat
899 4729 994 4824 usque

226 4829 262 4900 in
289 4820 489 4919 perpetuum.
519 4829 564 4894 Et
589 4826 736 4918 promitte
761 4855 815 4924 ega
840 4828 992 4918 predissa

225 4928 378 5004 Matrlda
403 4946 470 4996 tam
503 4949 558 5018 pro
584 4953 656 5015 nre,
692 4931 785 5020 qnam
817 4952 874 5022 pra
911 4955 992 4999 mear

1112 2517 1266 2584 uantur,
1293 2500 1326 2570 8<
1348 2493 1431 2570 sune
1456 2515 1517 2570 aut
1536 2496 1658 2570 entend
1676 2495 1878 2595 suspensae,

1111 2597 1133 2669 sr
1162 2599 1302 2698 quando
1329 2623 1383 2671 ree
1411 2599 1587 2694 postulat,
1614 2597 1877 2688 demittuntur,

1111 2719 1151 2773 ut
1194 2702 1330 2775 aditum
1374 2699 1461 2772 hosii
1508 2726 1569 2799 per
1610 2719 1747 2796 portam
1785 2698 1877 2775 sorte

1109 2821 1263 2896 apertam
1292 2802 1557 2876 intercludant.
1589 2804 1775 2901 Propterea
1801 2801 1877 2902 eju·

1111 2901 1223 2978 smodi
1265 2901 1399 2976 clathra
1440 2928 1570 2977 nomen
1599 2922 1809 3002 acceperunt
1835 2927 1876 2977 ac

1111 3005 1267 3078 retinent
1312 3009 1351 3076 di
1389 3007 1632 3095 Saraeinesebe.
1674 3009 1714 3076 ln
1743 3003 1877 3077 Histor.

1111 3104 1304 3180 Cortusror.
1330 3105 1414 3182 Lib.
1438 3110 1472 3180 ό.
1502 3109 1588 3203 Cap.
1614 3127 1647 3199 ς.
1675 3106 1806 3204 legitur
1833 3103 1876 3177 ad

1110 3212 1256 3282 Annum
1284 3210 1621 3284 Mcccxxxvtt.
1657 3211 1779 3280 Calates
1800 3230 1877 3304 por·

1039 3290 1076 3367 ff
1109 3328 1160 3379 tae
1179 3312 1351 3396 sevatnrd,
1365 3313 1422 3401 sen
1440 3311 1642 3400 Saraeinesrd
1660 3308 1732 3388 &a
1753 3310 1875 3383 Etiam

1109 3409 1192 3483 Lib.
1221 3434 1256 3505 7.
1291 3407 1383 3508 Cap.
1417 3415 1473 3483 16.
1501 3413 1645 3504 Quidam
1673 3410 1878 3482 intraverunt

1108 3513 1312 3599 Civitatem,
1347 3513 1406 3601 sed
1427 3531 1553 3604 propter
1586 3516 1716 3580 Portam
1742 3513 1876 3580 Civita-

1107 3608 1173 3688 tis,
1209 3637 1290 3704 qnae
1324 3631 1393 3681 erat
1428 3611 1601 3691 levatura,
1648 3638 1709 3682 nan
1742 3611 1875 3701 fuerunt

1106 3706 1177 3793 atesi
1212 3713 1332 3781 intrate
1365 3710 1548 3803 Jucteffive.
1598 3714 1706 3787 Alter
1746 3710 1873 3788 Codex

1105 3807 1238 3900 habet,
1274 3810 1328 3884 sed
1358 3833 1500 3910 propter
1524 3816 1743 3905 Saraeinescas
1768 3836 1875 3906 pereas

1104 3912 1245 3983 turribus
1271 3914 1469 3985 inhaerentes
1495 3915 1563 3986 &a
1592 3918 1676 3988 Non
1708 3912 1873 4012 ignotum

1102 4030 1221 4086 tamen
1248 4012 1343 4088 huuc
1373 4014 1472 4088 usum
1502 4016 1673 4090 Romanis
1709 4013 1789 4112 ipsrs
1816 4018 1873 4088 in-

1102 4112 1199 4187 dicat
1224 4115 1356 4191 Livius
1385 4116 1468 4191 Lib.
1504 4142 1564 4214 27.
1590 4114 1680 4216 Cap.
1718 4141 1777 4216 30.
1806 4122 1876 4191 Ea·

1101 4241 1178 4288 rum
1195 4241 1337 4313 quoque
1354 4217 1525 4317 Vegetius
1542 4219 1731 4292 meminit.
1750 4224 1874 4312 Atque

1101 4313 1186 4385 baec
1241 4315 1333 4413 apud
1384 4339 1519 4392 veteres
1557 4318 1870 4396 ¹munimentorum

1102 4440 1253 4514 genera.
1294 4421 1426 4492 Verbm
1472 4422 1542 4519 jam
1575 4418 1722 4515 quisque
1754 4445 1813 4516 per
1841 4419 1873 4495 se

1102 4514 1304 4615 intelligere
1331 4520 1468 4617 potest,
1496 4548 1539 4594 ex
1568 4521 1764 4592 adinvento
1791 4524 1872 4590 Put-

1100 4642 1174 4687 vere
1211 4621 1303 4712 paria
1317 4669 1329 4703 ,
1369 4621 1652 4724 excogitatisque
1679 4621 1872 4693 Bembardis

1102 4716 1316 4817 majoribus,
1351 4724 1574 4813 minoribus,
1613 4749 1652 4797 ae
1680 4720 1867 4809 minimis,

1100 4819 1311 4897 immutatos
1349 4821 1480 4894 mirum
1520 4825 1559 4893 in
1595 4823 1740 4895 modum
1769 4819 1868 4897 fuisse

1101 4927 1266 5025 antiquos
1312 4919 1496 4997 militandi
1551 4947 1591 4995 ac
1640 4926 1866 5019 oppugnandi

218 5025 395 5132 Jnrreffirres
429 5028 520 5101 vebis
548 5025 648 5122 supra
681 5027 779 5100 aab
808 5031 981 5126 petitoris,
1002 5012 1016 5084 l
1092 5027 1205 5108 ritus,
1226 5043 1332 5126 atque
1350 5041 1465 5101 artem
1487 5022 1574 5099 belli
1588 5022 1697 5100 aliam
1717 5024 1866 5104 sumsisse

1144 5132 1173 5204 P
1225 5151 1249 5202 a.
1527 5214 1534 5223 ‚
1649 5125 1813 5249 sedem,
