4214 6014
164 321 169 325 ’
286 312 372 416 265
600 291 969 382 DrsstRTATto
1023 291 1512 382 VlGESlMASEXTA.
1732 311 1818 386 266

113 431 144 495 ’,
276 425 332 494 De
357 414 504 519 Sagittis
530 415 723 506 &Iaculis
756 412 924 487 haslcnus
953 439 990 486 e·
1031 418 1066 485 A
1104 416 1215 513 gittas
1251 417 1417 504 tantum,
1454 438 1527 487 non
1566 428 1685 487 autem
1717 410 1878 490 &enses

225 520 288 623 gi.
326 526 431 597 Nunc
465 521 616 592 alterum
651 515 801 590 minime
838 532 991 614 praeter-

224 622 439 698 mittendum
469 619 543 710 eli,
579 619 673 715 qubd
711 617 885 691 continuo
922 615 990 691 mi·

223 750 319 799 rere.
347 727 486 822 Nempe
513 721 553 796 in
579 720 751 795 Concilio
775 723 990 793 Lateranen·

221 823 321 900 sill.
348 823 411 898 sub
442 820 653 897 innocentio
682 823 727 892 ll.
758 823 876 916 Papa,
911 825 991 894 An·

222 952 273 1001 tto
292 928 543 1002 Mcxxxnt.
564 921 625 996 sub
646 920 882 995 anathematis
910 948 992 1017 poe·

222 1054 270 1104 na
296 1025 529 1109 interdiblum
558 1023 658 1096 luisse
681 1023 933 1118 Sagittariorum
957 1025 993 1094 dt

224 1129 474 1215 Balislart'rrant
514 1122 613 1198 usum
654 1124 692 1196 in
735 1126 830 1197 bello
871 1143 994 1198 contra

1105 542 1145 588 ac
1181 517 1346 605 lanceas,
1382 516 1421 589 itt
1457 516 1553 590 bello
1585 514 1715 613 injusto
1742 514 1773 588 is
1806 518 1877 588 im·

1106 617 1303 716 probasset.
1342 622 1522 692 Praeterea
1558 613 1581 688 st
1610 634 1722 689 artem
1759 617 1877 715 Sagit-

1105 718 1277 793 tatiorum
1310 717 1349 792 in
1397 720 1491 793 bello
1528 718 1702 792 duntaxat
1739 717 1876 792 illicito

1105 819 1137 894 is
1162 818 1428 904 exsecrabatur,
1456 839 1610 894 mentem
1639 821 1729 893 hauc
1756 822 1875 919 expli·

1105 948 1184 997 care
1221 922 1357 1023 prorsus
1394 921 1581 1011 novisset,
1619 918 1658 997 ἃ
1695 921 1876 1040 explicare

1104 1023 1585 1202 ?8.l}sl¹l‘.lt.l“¹.lss..¹.⁸
1606 1025 1876 1224 ,lisinii

224 1227 360 1303 Chrilli
396 1225 540 1301 fideles.
576 1230 665 1298 Sunt
693 1227 799 1297 verba
834 1226 993 1299 Catonis
1108 1226 1224 1301 Restat
1250 1256 1355 1330 ergo,
1379 1255 1500 1302 revera
1526 1225 1565 1299 in
1594 1253 1637 1299 eo
1661 1222 1812 1300 Canone
1838 1251 1877 1300 a·

226 1352 288 1429 29.
313 1337 430 1404 Artem
456 1349 561 1401 rotem
587 1328 680 1398 illam
706 1326 923 1417 mortiferam,
951 1330 995 1398 θ
1030 1327 1059 1399 Β
1107 1328 1270 1402 outhema
1300 1329 1568 1414 pronuntiatum
1608 1329 1775 1401 adversits
1803 1330 1877 1402 Ar-

135 1475 138 1479 ·
224 1436 294 1505 Der
327 1432 476 1501 adibilem
506 1428 767 1516 Ballijlariorttttt
802 1427 851 1506 ῥ’
878 1430 993 1524 Sagit-

104 1618 108 1623 ,
221 1532 375 1604 rariorum
411 1534 569 1603 morsus
605 1529 804 1617 Christianos
840 1527 888 1610 dt*
924 1536 992 1603 Crt-

221 1633 375 1714 tbaliett,
409 1634 542 1704 exerceri
568 1636 608 1704 de
635 1654 731 1703 cetero
760 1633 823 1722 sub
855 1632 986 1705 matbe-

224 1756 309 1806 tttate
334 1734 553 1828 probibemus.
580 1735 695 1827 Quis,
722 1734 891 1828 inquam,
918 1759 989 1806 non

224 1833 378 1932 stupeat,
407 1860 513 1931 quum
552 1860 573 1907 a
608 1831 850 1909 remotissimis
886 1840 990 1910 Secu·

222 1935 269 2009 lis
297 1935 511 2032 Sagittarum
539 1937 572 2007 &
603 1939 762 2009 Arcuum
790 1935 868 2010 usus
903 1935 991 2010 sem-

224 2061 286 2136 per
316 2037 355 2110 in
392 2037 514 2122 bello,
551 2035 661 2109 etiam
697 2036 792 2109 inter
820 2036 991 2110 Chriliia·

225 2163 317 2220 nos,
355 2137 538 2236 legitimus
568 2134 710 2210 habitus
740 2135 871 2211 suerit?
914 2136 989 2212 Mi·

1104 1456 1210 1504 cuum
1238 1427 1277 1506 &
1306 1430 1526 1506 Ballistarum
1563 1427 1662 1504 usum
1700 1428 1739 1502 in
1777 1429 1886 1503 bello.

1104 1549 1176 1604 tam
1215 1533 1302 1630 justo
1335 1535 1442 1632 quim
1478 1531 1637 1632 injusto.
1666 1529 1775 1626 Quod
1811 1554 1875 1617 cut
1941 1551 1946 1563 ·

1103 1631 1233 1707 stilum
1265 1634 1392 1714 suerit,
1432 1634 1636 1730 conjedlurl
1671 1632 1706 1707 se
1742 1630 1877 1729 assequi

1102 1736 1195 1853 posse
1230 1736 1421 1810 arbitratus
1455 1736 1503 1810 est
1533 1732 1678 1811 Clariss.
1705 1735 1873 1808 Baluzius

1101 1861 1139 1909 tn
1166 1836 1274 1911 Notis
1299 1837 1343 1910 ad
1368 1836 1567 1937 capitular.
1592 1841 1678 1937 Reg.
1703 1839 1871 1909 Francor.

1102 1940 1210 2011 Tom.
1240 1961 1274 2011 a..
1302 1964 1380 2037 pag.
1407 1962 1495 2035 999.
1526 1936 1705 2018 scribens,
1743 1937 1783 2009 in
1809 1936 1871 2009 de-

1102 2034 1320 2111 suetudinem
1347 2041 1437 2136 apud
1457 2040 1582 2110 Gallos
1607 2038 1742 2136 jamdiu
1762 2033 1872 2109 abiis·
1941 2074 1944 2079 Δ

1104 2136 1138 2212 se
1171 2143 1323 2212 Arcuum
1351 2142 1385 2210 δι
1415 2136 1621 2211 Balillarum
1652 2134 1780 2218 usum,
1810 2160 1872 2212 cu-

224 2264 383 2312 rarentur
418 2237 497 2311 sane
532 2242 565 2311 lic
604 2265 690 2322 nos,
726 2236 750 2310 st
787 2265 880 2314 nunc
910 2239 988 2313 uni·
1030 2229 1083 2337 c.
1104 2239 1158 2338 jus
1187 2237 1381 2336 perniciosa
1409 2237 1538 2313 mirum
1566 2237 1605 2311 itt
1642 2238 1788 2311 modum
1815 2263 1870 2313 rc-

223 2340 353 2437 cuique
392 2338 562 2439 Sclopis,
605 2339 754 2440 aliisque
794 2341 990 2439 ignivomis

223 2442 414 2515 tormentis
440 2441 555 2517 utenti
579 2441 616 2514 in
644 2444 739 2515 bello
764 2441 858 2517 inter
882 2443 986 2518 Chri-

223 2541 372 2624 stianos,
394 2569 453 2638 par
479 2543 708 2617 interdislum
732 2540 770 2618 δι
797 2571 906 2640 poena
933 2546 988 2618 in·

222 2643 422 2719 diceretur.
462 2648 500 2717 ln
531 2644 743 2742 quibusdam
770 2646 989 2719 editionibus

224 2744 423 2838 depravatis
451 2747 583 2843 legitur
607 2747 757 2819 adibilem
785 2749 897 2827 Belli,
919 2748 988 2834 sla-

1103 2341 1255 2413 novatio
1295 2337 1386 2413 sosia
1429 2336 1631 2413 lnoocentii
1667 2339 1714 2412 IL
1750 2364 1872 2423 aero,

1107 2439 1293 2516 Pontificis
1321 2442 1480 2515 animum
1508 2439 1656 2515 movisse
1682 2437 1771 2516 adeo
1806 2466 1871 2540 po·

1103 2544 1198 2623 tuit,
1225 2566 1262 2614 ttt
1286 2539 1482 2637 necessarium
1506 2543 1612 2635 visum
1632 2542 1808 2634 steritem
1833 2571 1871 2613 a·

1102 2645 1281 2717 nathemate
1301 2646 1487 2734 percellere,
1507 2647 1563 2742 qtti
1585 2643 1721 2730 Basiliis
1745 2646 1790 2713 0
1807 2648 1872 2714 Sa·

1096 2746 1195 2843 gistis
1221 2766 1383 2817 uterentur
1407 2749 1565 2823 advertite
1592 2743 1807 2831 Christianos.
1836 2747 1872 2817 l·

225 2846 371 2928 diarum,
395 2844 441 2923 (s
465 2846 725 2939 sagittariorum.
750 2851 833 2919 Non
859 2847 905 2920 est
928 2876 988 2922 au·
1103 2867 1138 2920 ta
1166 2846 1249 2921 ille.
1278 2850 1326 2919 Et
1352 2874 1471 2920 revera
1500 2844 1707 2920 Pulcherius
1727 2844 1872 2920 ‘Carno-

224 2963 299 3019 tem
341 2943 480 3019 serenda
522 2945 772 3043 interpretatio
815 2948 908 3020 Baili
952 2949 989 3022 in

1105 2945 1206 3022 tensis
1232 2947 1271 3020 in
1291 2948 1381 3022 Geli.
1403 2953 1566 3021 Francor.
1586 2974 1665 3047 pag.
1687 2953 1774 3045 388.
1793 2949 1872 3021 To·

223 3052 367 3122 Summa
396 3045 596 3121 Concilior.
624 3051 745 3122 Torno
782 3050 886 3146 prim.
915 3076 989 3151 pag.
1069 3140 1072 3146 Ι
1105 3075 1163 3122 mo
1202 3050 1319 3146 primo
1345 3047 1435 3122 Get.
1463 3051 1532 3121 Dei
1570 3075 1629 3145 prr
1656 3053 1779 3121 Franc.
1807 3047 1870 3145 qui

223 3173 311 3246 403.
340 3149 401 3247 qui
437 3147 628 3222 leslionem
667 3149 757 3222 hanc
793 3151 990 3243 arripiens,
1033 3147 1067 3216 D
1103 3178 1157 3225 res
1185 3152 1245 3225 sub
1271 3149 1386 3224 oculis
1414 3148 1482 3224 suis
1509 3149 1617 3252 gestas
1646 3166 1791 3229 narrat,
1827 3147 1871 3223 ad

224 3278 267 3324 cx
297 3246 462 3323 Arnobio
485 3251 520 3322 δι
552 3250 665 3324 Cerda
696 3251 789 3348 petit
818 3252 988 3351 fignifica-

222 3353 360 3426 tionem
391 3351 491 3423 uocis
519 3352 634 3432 Balli,
670 3353 766 3444 quod
801 3351 911 3426 balare
938 3357 988 3426 dt'-

224 3473 338 3523 cttrttttr
364 3453 501 3540 arietet,
536 3479 630 3548 ptum
664 3453 808 3522 carnibus
837 3455 872 3544 se
901 3455 990 3525 invi-

224 3579 287 3624 tem
315 3560 491 3643 impetunt.
525 3557 567 3621 ln
595 3577 637 3624 eo
663 3555 812 3623 Canone
837 3551 989 3624 disertis·

225 3650 309 3724 fime
338 3649 505 3749 scriptum
526 3639 595 3723 suit
620 3650 877 3733 Ballillariorttnt
897 3651 911 3748 (
923 3658 991 3724 Ba·

224 3752 415 3838 lislaliorttm
446 3751 550 3823 habet
579 3750 777 3851 Batonius)
805 3775 892 3849 quos
923 3756 992 3826 Ita·

224 3854 253 3926 li
281 3854 508 3952 appellabant
535 3853 744 3940 Balellrieri.
782 3855 905 3951 Atque
942 3852 993 3926 ita

226 3955 358 4053 legitur
395 3954 501 4028 etiam
542 3955 578 4026 in
620 3955 865 4029 Decretaltbus
900 3959 990 4028 Gre-

224 4055 319 4154 gorii
347 4054 431 4129 Lib.
462 4077 493 4146 ς.
521 4056 601 4126 Tit.
627 4080 684 4148 ις.
710 4067 750 4127 de
774 4057 990 4150 sagittariis,

222 4160 268 4230 C.
305 4162 422 4227 Attene
459 4155 577 4227 rllattt.
614 4154 787 4227 Auslores
822 4156 962 4230 Glossae
978 4206 990 4238 ,

179 4328 188 4337 ,
221 4284 313 4354 quos
338 4254 629 4336 Panrrmitanus,
649 4254 783 4351 aliique
802 4258 989 4330 Canonum

224 4358 435 4457 interpretes
463 4357 678 4455 sequuntur,
711 4380 929 4452 concoquere
955 4361 991 4431 &
1044 4413 1054 4423 .

225 4457 289 4555 ipst
335 4458 529 4533 nescientes
574 4455 746 4555 ejusmodi
787 4456 991 4533 exorbitans

227 4555 479 4644 interdislum,
514 4587 558 4635 eo
584 4557 800 4659 confugite,
828 4574 869 4634 ut
893 4560 989 4634 dice·

225 4681 329 4735 tent:
372 4663 586 4753 intelligerit
611 4660 694 4734 bello
729 4659 875 4749 ittt‘qutt
904 4662 992 4755 setus

226 4763 269 4832 de
285 4760 386 4849 iuste.
409 4766 518 4834 lnane
537 4761 671 4858 prorsus
690 4789 729 4836 ae
750 4762 918 4838 insulsum
939 4758 995 4845 es-,

224 4861 386 4953 sugium.
412 4861 448 4933 si
472 4862 556 4934 haec
582 4864 793 4938 innocentio
817 4868 864 4939 ll.
891 4889 990 4938 mens

224 4954 365 5044 suisset,
390 4963 564 5038 continuo
591 4980 807 5064 peteremus,
838 4990 901 5038 cur
928 4969 989 5039 Sa·

1105 3260 1250 3327 Annum
1282 3256 1482 3328 chvtt.
1510 3251 1633 3325 auilor
1659 3249 1730 3332 eli,
1764 3255 1874 3325 Fran·

1105 3380 1164 3427 cos
1191 3354 1228 3425 in
1256 3354 1406 3426 Oriente
1433 3354 1580 3451 Sagittis
1605 3379 1624 3424 a
1645 3351 1775 3426 Tutcis
1802 3353 1873 3426 im·

1105 3453 1262 3551 petitos,
1300 3454 1339 3527 in
1374 3451 1492 3551 sugam
1522 3451 1621 3525 luisse
1658 3450 1868 3525 conversos:

1109 3560 1173 3623 Nec
1198 3574 1287 3638 erat,
1317 3551 1390 3633 ait,
1421 3553 1623 3630 mirandum,
1650 3550 1728 3647 qrria
1752 3547 1874 3623 rutilis

1107 3651 1195 3721 nobit
1220 3653 1286 3720 tale
1309 3654 1427 3722 bellum
1450 3674 1517 3724 erat
1541 3653 1754 3748 incognitam.
1779 3656 1873 3748 Ray·

1108 3750 1258 3827 mundus
1285 3751 1327 3826 de
1354 3752 1480 3851 Agiles
1511 3751 1623 3827 sacrae
1648 3756 1682 3828 δι
1712 3751 1785 3853 ipse
1811 3782 1872 3829 cx-

1107 3851 1303 3950 peditionis
1330 3852 1545 3945 descriptor,
1574 3854 1778 3952 Radulphus
1804 3860 1875 3929 Ca·
1933 3881 1939 3889 ’

1105 3953 1277 4028 domenlis
1314 3955 1357 4028 de
1394 3955 1489 4031 Gett.
1516 3953 1717 4038 Tancredi,
1754 3957 1876 4030 Tomo

1030 4044 1061 4112 E
1106 4060 1152 4128 V.
1191 4060 1270 4129 Rer.
1308 4056 1466 4131 Italicae.
1505 4054 1639 4156 aliique
1679 4056 1874 4154 Scriptores

1107 4157 1430 4250 Hierosolymitani
1456 4158 1565 4239 belli.
1586 4157 1670 4232 satis
1698 4158 1875 4256 produnt,

1107 4263 1258 4330 Francos
1283 4259 1415 4335 lanceis
1438 4264 1575 4331 tantum
1597 4256 1636 4331 ἃ
1660 4259 1789 4356 gladiis
1810 4285 1874 4349 pu-

1105 4357 1220 4452 gnasse
1247 4359 1410 4434 cominus
1425 4384 1439 4458 3
1474 4362 1614 4431 Turcos
1642 4376 1765 4431 contra
1791 4383 1874 4432 arcu

1103 4454 1144 4530 δι
1172 4455 1308 4556 sagittis
1331 4471 1472 4533 eminus
1501 4456 1601 4544 ulos,
1626 4457 1789 4533 cominus
1814 4486 1875 4532 ue-

1106 4565 1146 4633 tb
1171 4557 1306 4634 enfibus
1330 4559 1534 4634 dimicaffe.
1572 4557 1720 4633 Scilicet
1747 4562 1808 4634 rel
1843 4558 1879 4633 i·
1914 4636 1916 4640 Α

1105 4661 1213 4759 gnari
1235 4688 1315 4737 arcu
1337 4661 1506 4737 insultare
1527 4660 1616 4738 hosii
1637 4677 1776 4736 remoto
1796 4657 1876 4759 pos·

1106 4761 1209 4861 sunt3
1236 4783 1273 4836 at
1295 4765 1401 4839 unius
1422 4761 1530 4838 sortis
1552 4763 1599 4837 est
1617 4761 1775 4837 animose
1793 4787 1876 4839 cum

1105 4864 1283 4961 praesente
1305 4862 1500 4962 congredi,
1528 4883 1638 4958 arque
1663 4866 1701 4939 in
1725 4863 1879 4964 ejusmo-

1102 4964 1143 5040 di
1177 4965 1357 5066 congreslu
1394 4966 1490 5065 plus·
1515 4961 1648 5042 emicat
1684 4965 1800 5044 rietus
1836 4993 1879 5045 ac

1176 5073 1220 5166 Q
1267 5093 1289 5147 2
1705 5069 1832 5177 probi·
