4214 6014
370 350 457 431 arr
677 244 1614 429 Autrourrnrurrrrrrr,
1805 329 1892 433 46·

309 447 389 521 tur,
427 432 645 530 Monetam;
682 425 785 527 seque
820 456 892 502 non
920 429 1071 529 amplius
1113 435 1150 510 A
1191 430 1264 506 sum
1296 437 1403 506 Num.
1431 437 1496 509 Ill.
1526 432 1658 510 Leilor
1694 433 1872 531 accipiat.
1909 438 1952 511 ln

307 538 449 626 Ducem,
477 531 532 605 scd
559 530 759 628 Principem,
791 529 858 604 hoc
884 530 931 604 est
955 530 1072 632 supre-

307 660 404 708 mum
447 633 645 707 Dominum
688 634 957 720 beneventanae
995 660 1072 707 am·

303 733 476 832 piissimae
501 733 712 810 Provinciae
731 732 895 828 deinceps
920 731 1080 835 inscrip·

300 833 364 908 stt.
404 840 507 910 Pares
545 836 729 911 animosa
757 857 899 932 parente
930 839 1068 935 accepit

299 937 531 1027 Grimoaldus
556 937 626 1013 Ill.
653 937 726 1037 ejus
754 935 874 1039 siliusg
902 934 1068 1039 quamvis

297 1043 396 1113 enirn
423 1039 507 1141 ,post
541 1058 693 1114 mortem
730 1030 910 1138 patrisa'
929 1037 1066 1116 Carolo

298 1138 438 1238 Magno
455 1144 470 1222 ,’
502 1140 593 1242 apud
620 1167 723 1243 quem
752 1140 850 1215 obses
876 1154 974 1228 erat,
1012 1143 1065 1215 di·

221 1313 226 1326 ,
297 1244 489 1321 millus'eo
516 1241 620 1345 pailo
655 1236 794 1333 tuifferg
829 1264 867 1314 rrr
883 1242 1065 1327 'Chartam

295 1346 509 1444 Nummrsque
526 1346 584 1438 sui
608 1345 746 1418 nominis
772 1344 883 1442 (idest
909 1342 1064 1445 Caroli)

293 1447 527 1548 chureiieribrrr
555 1447 748 1541 superscribi
770 1448 891 1545 semper
911 1447 1062 1542 iuberer,

296 1546 352 1623 uti
390 1553 604 1645 Anonymus
642 1549 911 1633 salernitanus,
944 1550 980 1627 dt
1016 1575 1061 1622 ex

292 1675 336 1722 eo
361 1648 543 1729 Camillus
577 1652 800 1753 Peregrinius
835 1651 874 1725 ia
900 1646 1061 1723 editione

185 1820 189 1827 .
292 1752 562 1851 Ercb'emperti‚
599 1752 760 1826 testatur:
803 1750 834 1825 is
869 1750 1058 1825 nibilomi-

285 1877 356 1925 nus
394 1854 559 1954 promissa
595 1852 694 1927 brevi
730 1853 777 1926 eli
811 1852 980 1951 Oblliffiy
1016 1856 1057 1925 ln

284 1953 356 2045 suis
394 1956 499 2029 aureis
535 1955 619 2054 (ita
655 1955 749 2029 idem
787 1944 1057 2051 Etchempertus

290 2054 443 2156 scribit)
470 2055 540 2147 eius
566 2073 676 2128 nomer
702 2056 896 2154 aliquandiu
914 2054 1059 2152 figurari

285 2162 411 2250 placuit
420 2187 442 2248 ‚·
467 2186 538 2232 marr
560 2158 658 2252 palia
681 2180 738 2256 pro
764 2158 867 2231 nihilo
889 2160 983 2230 drrrrir
1002 2162 1055 2232 oi-

285 2259 478 2351 seruanda.

341 2363 505 2463 Ejusdem
528 2362 731 2439 Grimoaldi
749 2361 917 2438 Tertium
939 2365 1054 2436 Num-

291 2489 389 2538 mum
416 2469 642 2540 Le-Blancus
670 2464 860 2563 produxit,
896 2491 968 2561 quo
996 2469 1054 2537 Sa-

288 2566 460 2641 lernitani
496 2566 687 2666 Scriptoris
722 2564 897 2641 sententia
923 2564 1053 2639 confir-

284 2687 425 2742 matur.
464 2673 556 2742 Eum
583 2665 746 2765 conspice
774 2671 884 2741 Num.
922 2670 969 2740 11.
999 2667 1052 2740 lbi

286 2767 391 2843 habes
417 2767 572 2868 effigiem
603 2766 779 2863 Principis
805 2764 960 2840 Crucem
996 2765 1051 2841 su·

283 2894 343 2963 pra
373 2887 478 2964 caput
504 2867 659 2967 gerentis
686 2890 766 2939 cum
803 2866 919 2941 literis
944 2869 1051 2940 GRI·

282 2971 485 3043 MVALD.
529 2971 569 3042 ln
610 2967 721 3042 altera
758 2949 853 3044 'facie
893 2973 1049 3044 Stemma

1191 538 1298 608 altera
1326 535 1415 608 facie
1441 536 1572 636 legitur
1600 539 1748 610 DOMS.
1768 541 1883 613 CAR.
1904 548 1952 622 lit.

1188 635 1273 710 idest
1301 644 1442 710 Domum
1470 640 1603 710 Carolus
1629 646 1702 711 Rex
1716 664 1737 724 ;
1772 638 1856 712 hinc
1892 640 1952 714 in*

1187 737 1230 812 de
1257 744 1361 815 S.‘R.
1388 765 1474 834 quas
1500 736 1644 827 literas,
1678 738 1762 812 dum
1799 741 1950 814 meliora

1187 839 1345 915 adferant
1372 841 1461 921 atii.
1491 841 1704 936 interpretor
1728 846 1826 913 Sarra
1852 843 1951 913 Reli-

1182 949 1258 1037 gio,
1294 969 1404 1042 quum
1432 943 1470 1018 in
1498 940 1580 1014 aliis
1606 939 1790 1025 Chriliiarra
1816 943 1949 1039 Religio

1185 1064 1375 1148 occurrat3
1414 1047 1469 1119 vel
1499 1041 1522 1115 st
1550 1040 1663 1114 mavis
1690 1042 1787 1112 satus
1813 1044 1947 1138 Regni.

1186 1144 1227 1218 In
1255 1147 1330 1219 imo
1367 1174 1436 1220 non
1465 1149 1539 1218 Vll.
1576 1141 1631 1216 sed
1660 1144 1758 1215 vtc.
1795 1144 1947 1241 legitur,

1184 1246 1269 1321 idest
1295 1249 1478 1345 rimarios
1495 1264 1573 1344 quo·
1595 1242 1756 1317 'nomine
1783 1243 1947 1344 infigniti

1182 1346 1262 1421 sunt
1289 1346 1327 1424 ἃ
1354 1350 1418 1425 alii
1435 1344 1620 1423 Nummi.
1650 1363 1668 1381 '·
1851 1378 1857 1389 ··

1231 1453 1364 1523 Verium
1392 1477 1463 1526 non
1499 1450 1561 1524 diu
1590 1438 1826 1521 -Grimoaldus
1863 1472 1947 1546 pro·

1180 1548 1289 1626 miffi's
1314 1551 1429 1637 stetit,
1455 1571 1497 1625 ut
1522 1547 1623 1630 dixi,
1658 1546 1773 1620 immo
1798 1550 1945 1620 rebellio·

1179 1653 1229 1724 nis
1253 1651 1397 1752 iurgium
1420 1654 1598 1739 initiavit,
1626 1648 1682 1721 uti
1711 1646 1943 1732 Etcbcmoet·

1178 1775 1234 1828 tus
1259 1750 1352 1852 Cap.
1375 1784 1410 1853 4.
1433 1754 1564 1830 Histoe.
1593 1750 1755 1823 reslatur.
1780 1752 1943 1843 Quamo-

1178 1858 1273 1931 brem
1290 1856 1426 1941 ,vifirur
1452 1860 1542 1930 alter
1567 1854 1641 1952 ejus
1676 1855 1853 1925 Nummus
1879 1877 1942 1924 au-

1177 1987 1254 2034 reus
1282 1956 1351 2034 stne
1377 1961 1488 2033 Caroli
1522 1955 1691 2029 nominc.
1730 1956 1820 2024 Eum
1860 1978 1943 2048 pro·
2036 2040 2039 2046 Ι

1176 2061 1281 2137 duxit
1309 2064 1569 2139 Brerentanus.
1597 2058 1658 2152 qui
1686 2055 1720 2125 tr
1747 2056 1869 2143 pardus
1887 2052 1940 2144 se-

1170 2165 1409 2260 squidrarhmrr
1444 2160 1477 2237 ei
1513 2159 1672 2234 tribuit.
1713 2154 1811 2240 Idem
1848 2181 1939 2252 quo·

1098 2259 1133 2336 C
1174 2293 1243 2361 que
1270 2263 1467 2344 Numisma
1493 2264 1530 2337 in
1567 2255 1696 2333 Museo
1731 2255 1940 2330 Sabbatinio

1174 2372 1308 2443 Romae
1345 2367 1571 2442 adservatur.
1607 2357 1701 2434 Illud
1739 2356 1821 2430 vide
1857 2355 1938 2432 heic

1172 2468 1263 2545 insta
1293 2475 1402 2545 Num.
1438 2472 1500 2541 lV.
1528 2461 1662 2539 Antica
1700 2457 1876 2545 Principis
1903 2457 1938 2532 i·

1161 2571 1346 2664 'maginem
1369 2568 1519 2671 praefert
1533 2591 1612 2640 cum
1626 2558 1816 2657 epigraphe
1830 2561 1936 2632 GRI·

1170 2678 1370 2749 MVALD.
1406 2673 1448 2748 ln
1490 2668 1619 2755 poilica
1653 2659 1785 2740 Crux,
1823 2656 1861 2733 &
1897 2661 1934 2734 S.

1169 2780 1212 2849 R.
1247 2776 1282 2847 &
1320 2775 1443 2848 literae
1469 2769 1674 2845 VICTOR.
1719 2762 1934 2836 PRINClP.

1168 2876 1252 2951 ideli
1280 2874 1653 2967 Victoria-Principum:
1684 2891 1772 2959 quae
1796 2860 1936 2978 epigra-

1167 2978 1234 3076 phe
1261 2999 1346 3052 tunc
1374 2975 1560 3052 familiaris
1597 2973 1634 3046 in
1664 2961 1932 3063 Numismattsg

283 3070 502 3167 crucigerum
541 3096 639 3143 more
677 3073 915 3144 Nummorum
955 3090 1048 3144 tem·
1165 3079 1228 3151 nili
1258 3079 1347 3150 velia
1376 3077 1518 3147 Vim,
1545 3067 1771 3156 Prfncipr'bur.

281 3172 425 3268 poribus
449 3172 496 3246 iis
519 3170 836 3264 Constantinopoli
863 3168 1045 3242 rusorum.

280 3271 378 3348 Hinc
414 3274 459 3347 G.
497 3275 555 3347 vel
591 3275 624 3345 S.
659 3273 694 3345 δι
732 3269 816 3344 inde
843 3273 887 3343 V.
917 3271 1046 3344 Subtus

279 3378 363 3449 Vll.
405 3378 447 3450 In
482 3374 636 3450 circuitu
676 3375 812 3446 DOMS
846 3375 1048 3448 cARLvs

278 3479 322 3551 R.
360 3476 445 3560 idell
471 3483 617 3552 Drmnrr
642 3476 761 3548 Carior
788 3483 881 3550 Rex.
916 3475 1047 3551 Liceat

274 3596 396 3655 tamen
431 3578 575 3655 dicere:
616 3579 817 3655 Nummum
851 3577 945 3652 hunc
973 3604 1047 3651 non

275 3678 360 3755 satis
398 3680 522 3757 exaile
561 3677 758 3774 expressisse
797 3677 938 3754 ridetur
974 3682 1043 3754 Le-

274 3783 448 3859 Blancus.
475 3784 561 3882 Eius
587 3781 741 3881 eblypon
767 3783 964 3856 accuratilrs
984 3780 1043 3853 de·

273 3881 444 3983 scriptum
472 3903 575 3961 antea
610 3885 752 3961 dederat
780 3884 1045 3957 Breventanus.
1082 3930 1086 3937 -

271 3983 527 4058 illustrissimus
552 3985 661 4057 etiam
693 3989 811 4079 Eques
848 3986 930 4053 Pius
970 3979 1038 4051 Ni·
1081 4004 1082 4008 ¹

272 4085 394 4161 colaus
426 4081 605 4158 Garellius
641 4076 886 4180 Augustiliinri
922 4079 1038 4174 Impe-

114 4189 118 4194 ’
267 4185 398 4263 ratoris
421 4182 549 4263 Caroli
574 4187 640 4257 vt.
668 4180 915 4257 bibliothecae
935 4181 1036 4253 Prae·

1094 3164 1127 3230 D
1214 3176 1394 3270 Quintius
1429 3179 1607 3247 Nummus
1634 3190 1757 3240 aureus
1795 3168 1933 3245 Romae
1997 3163 2000 3168 ¹

1162 3278 1199 3351 in
1231 3278 1455 3373 praelaudato
1483 3270 1609 3348 Museo
1636 3263 1844 3342 Sabbatinio
1864 3293 1930 3342 ex-

1162 3377 1296 3471 sistens,
1320 3380 1366 3453 ad
1392 3379 1532 3452 Sirrrrrrrr
1559 3369 1740 3459 Ptinriprnr
1758 3373 1933 3441 Beneuen-

1153 3503 1273 3556 ranrrm
1318 3481 1482 3560 forster.
1526 3473 1590 3577 qul
1635 3476 1747 3549 Anno
1791 3465 1927 3544 Christi
2028 3534 2032 3541 .

1162 3588 1421 3662 DCCCXVH.
1454 3574 1669 3654 Grimoalrlo
1705 3573 1772 3645 tv.
1797 3568 1929 3646 succes·

1160 3685 1229 3761 lit.
1265 3687 1310 3762 ln
1335 3684 1452 3759 antica
1480 3681 1605 3755 visitur
1639 3677 1761 3770 imago
1788 3670 1928 3773 Princi-

1159 3787 1235 3881 pis,
1263 3787 1409 3886 globum
1446 3780 1665 3865 crucigerum
1703 3771 1928 3856 sustinentis,

1158 3911 1237 3958 cum
1267 3881 1457 3981 epigraphe
1483 3882 1594 3952 SlCO
1621 3873 1847 3944 PRINCEi.
1881 3878 1924 3948 In

1157 3985 1273 4057 aversa
1316 4000 1415 4079 parte
1454 3977 1572 4053 sanai
1615 3971 1807 4047 Michaelis
1842 3971 1922 4045 effi·

1154 4084 1250 4184 gies,
1279 4082 1419 4163 uatrnni
1441 4080 1633 4173 videlicet,
1660 4091 1699 4148 ut
1718 4089 1821 4146 antea
1841 4099 1921 4147 mo·

1156 4187 1241 4269 nui,
1267 4181 1557 4287 Langobardicae
1584 4172 1723 4280 gentis,
1752 4171 1822 4248 fire
1851 4179 1921 4250 Re·

267 4279 1034 4388 stilus,eiusqueArchiatrus,&aCon-
1136 4288 1236 4386 gni,
1278 4290 1318 4362 ῐη
1361 4287 1513 4360 circuitu
1550 4282 1674 4355 literae
1710 4278 1920 4354 ΜΙΗΑΕΙ,

264 4388 378 4478 filiis,
408 4395 609 4468 Nummum
628 4386 799 4465 eumdem
826 4410 970 4464 aureum
997 4385 1037 4457 in
1156 4392 1492 4465 arrianam.
1509 4387 1638 4463 ΟΝΟ,
1665 4375 1804 4450 sortasse
1831 4379 1920 4450 CO·

266 4493 332 4569 suo
355 4491 485 4570 Museo
513 4493 718 4574 adservant,
744 4485 857 4562 finite
884 4489 1034 4560 alterum
1154 4497 1263 4567 ΝΟΒ,
1305 4493 1495 4564 parvulum
1535 4484 1643 4558 eriam
1682 4480 1918 4578 Monogram-

265 4594 602 4694 ejusdem-:etymo
639 4593 682 4669 ed
722 4617 778 4665 me
814 4587 933 4664 mifir.
970 4587 1036 4662 Sed
1152 4621 1206 4668 ma
1235 4593 1367 4669 Christi
1398 4590 1435 4663 in
1462 4613 1539 4660 arra
1566 4579 1805 4667 conspicitur.

266 4700 301 4770 lie
329 4701 492 4777 eumdem
520 4700 640 4796 accepi
667 4723 711 4772 ex
738 4691 867 4768 Museo
905 4693 1034 4765 Sabba·
1202 4701 1329 4772 Sexrna
1357 4696 1532 4765 Nummus
1561 4699 1744 4782 argenteus
1771 4681 1918 4758 deaura-

267 4798 367 4874 tinio
394 4808 576 4879 Romano.
603 4806 724 4897 Quare
753 4801 949 4871 Nummum
979 4793 1033 4885 ip·
1151 4818 1207 4871 tus
1235 4796 1402 4871 Marinae
1429 4792 1577 4863 babetur
1603 4786 1640 4859 io
1670 4781 1796 4857 Museo
1825 4785 1916 4859 ate-

266 4897 342 4982 sum
371 4905 563 4994 perculsum
590 4905 735 4980 circiter
753 4902 901 4973 Annum
926 4894 1031 4970 Cbri·
1120 4882 1125 4965 l
1150 4900 1275 4974 sanciri
1297 4892 1557 4970 Brrtaccbinii.
1577 4888 1631 4963 Ibi
1654 4885 1788 4985 effigies
1810 4884 1915 4961 Priu-

259 5001 306 5090 sll
348 5005 675 5085 DCCLxxxvtt.
718 5001 849 5079 reilrlu
893 4992 1032 5100 expres·
1116 4994 1264 5105 icipis,
1291 4998 1465 5075 Diadema
1475 5051 1487 5090 ,
1513 4993 1584 5070 ssve
1608 4987 1792 5091 Coronam
1793 5012 1918 5163 siim

382 5183 384 5187 .
1207 5150 1209 5154 -
1767 5114 1792 5190 g
1845 5125 1864 5147 -
