4214 6014
276 365 367 474 „3
607 351 976 444 orrrrnrnrro
1012 353 1493 444 Vicetinorum
1729 311 1890 471 ¹214·

221 499 299 555 mat
325 478 537 577 appellatum
566 475 663 551 fuisse
692 478 726 548 lo
752 483 873 555 Borea,
912 480 989 548 olo
1030 481 1067 552 A
1109 497 1165 549 tae
1185 475 1267 549 illae
1287 480 1441 565 Turres,
1467 474 1609 576 opinari
1632 474 1775 574 quidem
1797 479 1875 572 pos-

224 583 439 673 Berrozgola.
469 583 593 678 Neque
621 582 727 652 Italia
755 591 893 654 tantum
916 575 988 653 'ritu
1108 578 1251 658 sumus,
1280 604 1349 651 non
1386 598 1504 654 autem
1541 597 1639 653 certo
1665 580 1874 655 decernere.

224 679 472 758 Carrociorum
505 681 678 779 ejusmodi
706 680 764 754 usa
800 681 895 773 suit,
930 680 986 756 sed
1108 686 1186 782 Ego
1226 682 1368 754 ineam
1411 683 1528 781 potius
1566 681 1699 781 pendeo
1736 679 1875 754 senten-

226 785 321 861 breri
348 786 379 858 is
406 811 450 857 ex
478 783 585 857 ltalia
623 781 794 881 migravit
829 785 867 858 in
900 789 989 859 Ger·
1109 790 1225 866 tiam,
1253 810 1372 858 earum
1402 784 1501 859 usum
1531 786 1655 858 Seculo
1675 782 1809 859 Christi
1830 788 1874 858 Χ.

223 888 401 968 maniam,
423 888 610 984 Belgium,
639 884 990 983 Hungariam,alia·
1110 886 1165 963 sed
1195 883 1412 986 potissimum
1452 885 1525 986 post
1562 889 1709 960 Annum
1740 885 1876 961 Christi

221 987 305 1088 sque
333 990 522 1088 regiones,
560 987 614 1059 uti
655 989 887 1087 Du-Cangius
913 991 991 1062 ani·
1110 989 1364 1071 millesimum,
1411 992 1446 1064 dc
1498 990 1681 1089 praecipue
1726 1016 1769 1064 ex
1804 1015 1876 1087 quo

223 1090 440 1164 madvertit.
468 1091 601 1161 Verum
630 1091 754 1163 Seculo
777 1095 874 1163 xlv.
898 1090 991 1188 quod
1109 1094 1332 1169 Libertatem
1380 1090 1443 1166 srbi
1495 1117 1657 1191 peperere
1692 1089 1876 1165 Civitates

224 1190 297 1264 alia
339 1191 519 1264 militandi
562 1191 656 1263 ratio
697 1191 922 1274 succeffislet,
957 1196 991 1264 bc
1109 1223 1182 1269 non
1210 1223 1361 1296 paucae,
1388 1217 1450 1268 aut
1477 1193 1514 1267 in
1542 1219 1724 1267 enormem
1751 1213 1878 1293 poten·

226 1292 328 1366 oneri
357 1295 473 1391 potrus
500 1293 565 1366 esic
590 1296 697 1390 quim
725 1294 878 1368 utilitati
905 1298 993 1368 Car·
1111 1297 1201 1371 tiam
1229 1298 1367 1372 nobiles
1387 1297 1456 1370 viri
1480 1297 1756 1370 allurrexerunt.
1777 1293 1876 1367 Hinc

228 1396 324 1471 toria
350 1395 709 1487 deprehenderentur,
737 1395 857 1469 seusun
887 1395 992 1470 desita
1025 1401 1080 1489 ΕΒ,
1110 1402 1200 1473 olim
1229 1402 1405 1501 appellata
1432 1402 1566 1472 Turrita
1590 1399 1716 1494 Papio,
1744 1396 1879 1467 Turrita

229 1495 309 1570 sunt
352 1496 530 1572 adhiberi.
578 1501 681 1572 Plura
723 1524 794 1571 non
838 1501 992 1571 addam.
1110 1502 1472 1600 Cremona,-aliaeque
1500 1502 1611 1574 Urbes
1635 1499 1752 1572 eidem
1775 1497 1877 1571 laude

225 1598 301 1691 Qui
328 1599 544 1673 delineatum
572 1599 705 1673 intueri
733 1600 833 1700 cupit
860 1599 992 1675 Carro-
1109 1624 1300 1679 exornatae
1321 1603 1521 1699 antiquitus
1542 1602 1658 1691 suere,
1685 1598 1778 1699 quod
1806 1598 1878 1696 pti·

225 1705 320 1776 cium
337 1702 503 1776 haetenus
520 1700 758 1797 descriptum,
778 1705 878 1778 adeat
896 1732 992 1803 prae·
1024 1706 1027 1751 ¹
1110 1725 1273 1782 vatorum
1305 1705 1496 1780 Nobilium
1524 1709 1656 1778 Turres
1684 1703 1736 1777 ibi
1770 1701 1879 1775 ellent

226 1803 408 1877 laudatum
462 1805 662 1876 Antonium
714 1806 905 1905 Campium
956 1806 993 1881 in
1110 1809 1146 1883 in
1176 1837 1303 1910 magna
1329 1810 1453 1899 eopia,
1491 1823 1628 1907 praeter
1653 1829 1774 1879 muros
1803 1821 1878 1877 tur-

144 1955 155 1968 ·
228 1903 360 1980 Hillor.
389 1903 619 1978 Cremonens.
644 1909 677 1980 bt
707 1907 899 1982 Sertorium
927 1914 994 1981 Or·
1110 1913 1224 1996 ritos,
1266 1914 1301 1984 dc
1329 1915 1579 2004 Campanorio,
1625 1928 1665 1982 ut
1706 1907 1876 2007 ajebant,

228 2006 339 2081 satum
369 2006 609 2082 insi-lillnria
646 2009 843 2084 Patavina.
883 2014 996 2084 lmmo
1111 2012 1179 2086 stae
1215 2014 1375 2086 cloccaria
1415 2013 1679 2108 Templorum.
1731 2005 1876 2081 Sanblur

226 2112 352 2183 oculos
380 2107 535 2181 conserat
564 2110 605 2181 ad
626 2113 783 2183 tabulam
806 2110 995 2209 praelixam
1114 2115 1302 2198 Arialdus,
1349 2134 1388 2187 ut
1416 2111 1453 2183 in
1481 2114 1556 2208 ejus
1584 2110 1671 2182 Vita
1702 2108 1877 2196 babetur,

228 2207 416 2285 Chronico
448 2210 649 2294 Parmensi,
677 2216 799 2286 Tomo
830 2217 888 2285 tx.
918 2218 996 2286 Rer.
1112 2213 1239 2300 scripta
1267 2216 1309 2287 ab
1339 2215 1479 2286 Andrea
1506 2209 1692 2286 Monacho
1712 2209 1880 2281 Vallum·

228 2314 386 2386 Italicae.
426 2340 501 2412 pag.
537 2319 623 2410 789.
662 2314 720 2387 ubi
761 2314 876 2412 pistor
903 2314 997 2387 visus
1028 2307 1072 2384 C
1111 2316 1259 2391 brosauo
1287 2314 1484 2410 synchrono
1521 2310 1613 2403 Cap.
1641 2337 1673 2386 2.
1717 2312 1800 2383 baec
1837 2307 1879 2382 ad

229 2414 276 2489 est
317 2413 378 2487 fibi
418 2415 612 2499 exprelstsle
649 2416 788 2516 antiqui
834 2415 993 2492 Carrocii
1113 2422 1286 2495 Pooulum
1318 2415 1620 2491 Mediolanensem
1649 2413 1765 2513 ajebat
1799 2413 1880 2484 An·

230 2515 405 2605 formam,
457 2517 511 2589 sed
559 2517 667 2591 nima
719 2520 859 2617 jejune.
911 2521 997 2593 Alia
1111 2549 1158 2595 no
1186 2524 1402 2596 MLxxvt.
1445 2518 1545 2604 Vestri
1578 2521 1784 2606 Sacerdotes,
1824 2514 1882 2608 qui

232 2616 328 2692 enim
372 2617 442 2691 fuit
479 2619 744 2706 magnificentia
786 2649 826 2693 ac
853 2643 997 2694 ornatus
1110 2622 1193 2715 efflei
1218 2622 1340 2715 possunt
1365 2623 1496 2694 diriores
1533 2621 1567 2688 io
1602 2619 1733 2688 terrenis
1759 2620 1880 2705 rebus,

228 2719 400 2819 ejusmodi
432 2720 683 2818 plaustrorum.
724 2723 817 2795 lllud
844 2720 997 2817 denique
1110 2725 1284 2806 excelsiores
1313 2727 1346 2795 iu
1386 2720 1598 2811 aedificandis
1637 2720 1794 2791 Turribus
1830 2713 1878 2794 ὅν

233 2841 392 2902 certum,
416 2849 459 2893 ex
484 2825 628 2893 Corrorio
652 2824 870 2896 efformatam
897 2824 996 2899 fuisse
1110 2828 1254 2898 domibus
1295 2829 1363 2898 &n
1407 2825 1468 2919 ἱρή
1503 2842 1661 2918 putantur
1695 2820 1881 2892 beatiores.
1982 2865 1986 2874 ·

234 2947 327 2994 nunc
356 2919 515 2993 usitatam
547 2948 669 2994 uocem
698 2930 887 3017 correzzo.
1114 2928 1265 3000 Aulirus
1291 2927 1401 3000 etiam
1429 2921 1652 3013 Ticinenfis,
1692 2923 1790 3022 cujus
1830 2923 1882 2992 0-

212 3089 218 3097 .
285 3026 428 3095 Praeter
454 3030 595 3104 Turres,
623 3051 711 3119 quae
738 3026 778 3097 ad
808 3025 998 3100 custodiam
1114 3028 1297 3111 nusculum
1344 3029 1479 3126 publici
1526 3028 1611 3122 jutis
1663 3023 1732 3097 feci
1759 3026 1882 3095 Tomo

232 3122 436 3198 Civitatum
475 3121 513 3198 ἃ
540 3121 773 3199 Callellorunr
803 3127 841 3200 in
869 3156 997 3201 corona
1115 3135 1174 3203 xt.
1206 3136 1283 3205 Rer.
1314 3129 1469 3204 italicar.
1504 3125 1589 3200 baec
1630 3124 1774 3199 circiter
1802 3127 1880 3192 An-

230 3225 412 3301 moenium
432 3225 608 3301 aedificari
631 3227 813 3311 solebant,
843 3235 999 3319 permul·
1043 3225 1074 3292 D
1111 3260 1195 3308 num
1234 3232 1364 3306 Chrilli
1402 3232 1664 3306 Mcccxxx.
1706 3225 1748 3300 de
1775 3224 1881 3299 Tici-

231 3347 288 3403 tae
314 3331 404 3402 olim
435 3333 707 3405 numerabantur
735 3331 771 3405 in
796 3331 996 3431 insigniori·
1112 3334 1204 3407 nensr
1247 3332 1414 3407 Ciuitate
1454 3338 1542 3419 Cap.
1588 3356 1645 3403 11.
1677 3327 1877 3402 scribebat:

235 3432 297 3506 bus
327 3431 453 3505 ltaliae
481 3430 672 3523 Urbibus,
716 3435 758 3505 ab
786 3433 866 3529 ipsrs
894 3432 998 3507 civi·
1112 3435 1218 3531 Quasi
1254 3462 1359 3506 omnes
1408 3434 1565 3517 Ecclefioe
1603 3433 1720 3503 habeut
1765 3438 1881 3498 Turres

233 3535 296 3608 bus
325 3533 466 3628 privato
493 3533 628 3615 studio,
669 3536 865 3629 'eorumque
902 3562 1000 3619 aere,
1112 3537 1245 3615 excelsas
1278 3558 1403 3630 propter
1442 3558 1613 3629 campanos
1653 3528 1726 3607 &n
1753 3532 1885 3598 cerm-

231 3635 274 3708 ad
303 3633 402 3706 aedes
431 3634 587 3728 proprias
614 3636 786 3704 ornandas
823 3659 862 3704 ac
901 3652 1001 3704 tuen·
1115 3662 1183 3704 rum
1210 3656 1316 3707 aurem
1341 3636 1493 3705 Tauium
1514 3634 1610 3725 super
1635 3631 1802 3703 Laicorum
1827 3631 1885 3701 do·
2007 3629 2021 3638 “

235 3736 295 3810 das
324 3732 535 3833 exstruit-ae.
576 3733 660 3807 Fuit
696 3732 784 3804 olim
827 3732 1001 3805 indicium
1115 3734 1221 3805 miluo
1261 3735 1448 3825 excelsorum
1491 3733 1684 3808 mirabiliter
1725 3734 1885 3807 morimur

234 3836 407 3934 speltarae
436 3834 675 3916 Nobilitatis,
704 3834 829 3907 habere
849 3834 1020 3930 ejusmo·.
1115 3836 1157 3921 ell
1184 3864 1349 3920 numerus,
1385 3867 1423 3908 ex
1463 3839 1576 3933 quibus
1601 3839 1720 3906 multae
1755 3859 1821 3904 ram
1847 3862 1884 3902 ear

233 3941 270 4014 di
314 3947 430 4011 Turres
470 3937 611 4011 aedibus
654 3935 723 4010 suis
753 3941 904 4011 adnexas
933 3937 1002 4011 five
1115 3941 1293 4023 vetustate,
1321 3944 1417 4036 quim
1435 3941 1545 4027 fludio
1569 3937 1703 4009 Civium
1733 3938 1770 4028 Je
1796 3934 1887 4004 irrui·

234 4039 470 4139 conjunblas3
513 4041 747 4135 nequeenim
791 4040 852 4113 nifi
884 4039 1001 4114 Nobi·
1115 4070 1177 4113 rem
1211 4041 1486 4135 persequentium,
1527 4041 1726 4114 ceciderunt.
1777 4034 1886 4130 Quod

237 4143 333 4218 libus
369 4167 408 4214 ac
445 4138 625 4212 ditillimis
662 4139 815 4212 Civibus
855 4169 910 4215 eas
937 4141 999 4215 srbi
1045 4127 1086 4213 Εἰ
1115 4144 1224 4219 etiam
1253 4143 1403 4224 mirere,
1431 4142 1592 4218 exoticus
1619 4141 1764 4215 illorum
1793 4157 1887 4213 tern-

236 4243 387 4320 condete
422 4240 553 4314 licuit.
596 4244 707 4312 Erant
748 4262 921 4336 praeterea
963 4244 1001 4317 in
1117 4273 1241 4338 porum
1283 4247 1398 4342 gustus
1449 4244 1625 4320 rationem
1662 4240 1888 4339 excogitavit

237 4344 463 4425 Civitatibus
490 4346 622 4418 Turres
646 4345 1001 4432 campanariaeare-
1118 4345 1326 4419 aedificandi
1368 4350 1500 4422 Turres
1541 4371 1612 4418 non
1649 4343 1787 4422 rectas,
1829 4339 1886 4414 sed

240 4446 370 4548 ligiolis
399 4446 486 4522 uiris
513 4445 556 4519 ad
583 4448 819 4543 Templorum
844 4455 1001 4521 commo·
1118 4447 1331 4549 pendentes,
1359 4447 1428 4524 five
1457 4447 1673 4523 inclinatas:
1710 4444 1807 4539 cujus
1834 4441 1887 4517 rei

236 4550 318 4624 dum
347 4577 386 4625 ac
411 4569 658 4623 ornamentum
707 4551 911 4634 excitatae,
952 4549 1002 4624 ita
1119 4549 1272 4647 prostant
1298 4550 1409 4626 adbuc
1437 4553 1597 4649 exempla
1637 4549 1675 4622 in
1710 4546 1887 4620 admiran-

238 4674 278 4727 ut
306 4670 404 4726 tanta
430 4653 602 4727 ‘sutrium
631 4651 1035 4749 copiaaccedentibue.
1085 4644 1165 4723 ÷do
1209 4650 1363 4726 Pisarum
1412 4651 1674 4748 Campanario,
1714 4667 1820 4745 atque
1846 4643 1886 4717 in

238 4755 282 4831 ad
310 4751 425 4828 Urbes
455 4753 638 4843 pulchrum
668 4781 735 4828 noo
759 4753 875 4828 minus
896 4756 1000 4847 qulm
1031 4736 1036 4817 i
1120 4753 1228 4827 Turri
1258 4754 1448 4830 Garisenda
1479 4756 1682 4839 Bononiae,
1719 4775 1808 4848 quae
1836 4749 1888 4820 al·

234 4855 360 4934 nobile
386 4855 620 4950 speslaculum
668 4855 874 4931 exhiberet.
918 4822 1036 4949 Quoi
1085 4855 1191 4937 :tius
1235 4854 1341 4927 etiam
1389 4855 1590 4948 erigebatur
1624 4857 1742 4932 olim,
1783 4850 1886 4928 seda

236 4980 357 5037 autem
386 4974 544 5052 tempore
580 4959 622 5029 ab
659 4957 903 5055 optimatibus
934 4963 1002 5032 Ur·
1032 4942 1036 4975 ¹
1085 4990 1088 5017 =
1120 4957 1278 5047 Jolrnnne
1305 4956 1346 5028 de
1374 4950 1505 5055 Olegrb
1532 4958 1704 5050 Tyranno
1735 4953 1886 5055 depressa

237 5065 512 5239 biumsoeepii‘
538 5054 669 5131 fuerint
704 5059 854 5135 construi
883 5058 1002 5160 priua·
1082 5028 1090 5143 i
1120 5059 1341 5237 suit,Ntelle
1368 5062 1598 5135 Beneuenuto
1634 5058 1676 5135 de
1703 5062 1816 5236 lgrola
1845 5061 1884 5135 io

369 5188 428 5235 rm.
479 5211 489 5232 .
608 5190 612 5195 ·
1755 5187 1833 5235 om·
