4214 6014
290 376 379 488 673'
454 492 463 510 ι
566 371 934 460 DISSERTATJO
980 371 1531 468 VJGESIMASEPTIMA:
1712 384 1810 505 ‘674

226 485 274 566 ass
302 518 380 564 cum
408 491 596 591 epigraphe
622 497 856 566 CAROLVS
884 497 987 564 DVX
1032 499 1066 569 A
1112 492 1246 593 potell,
1275 512 1314 567 ut
1341 491 1414 591 poll
1441 497 1485 564 V.
1512 490 1649 589 legatur
1673 505 1781 560 ettam
1811 482 1867 558 L?

223 591 478 669 snunvurss
493 648 502 666 .
518 646 553 665 ..
577 597 616 664 ln
641 593 757 667 aversa
777 592 869 666 facie
884 592 987 669 Crux

224 693 370 782 uisitur,
396 691 435 769 &
456 692 662 787 inscriptio:
697 698 892 770 PRICEPS
922 698 989 769 ET

226 797 426 870 MAleshio.
457 799 511 869 ΙΝ
540 799 747 872 lTALlA.

164 966 166 970 .
273 896 568 996 Quadragelimus
619 916 801 998 argenteus
843 904 988 974 Scutum

228 998 455 1095 gentilicium
485 999 719 1073 Sabaudiensrs
750 1001 920 1074 Familiae
948 1028 989 1075 o-

228 1100 354 1174 stendit
394 1127 473 1173 cum
503 1101 596 1176 hisce
622 1103 755 1175 circum
797 1102 916 1198 posuis
943 1103 989 1176 li-

229 1202 336 1275 teris:
385 1205 619 1278 CAROLVS
659 1206 706 1275 11.
753 1209 869 1276 DVX:
911 1208 987 1277 SA·

228 1304 380 1376 anu.
412 1303 580 1376 Posticam
608 1307 708 1377 Crux
728 1323 898 1405 occupat,
920 1310 988 1378 Or·

1110 622 1200 692 quae
1226 594 1349 668 literae
1376 621 1447 667 non
1477 597 1611 666 Ducem
1643 588 1871 684 Quindtum,
2004 675 2012 687 .

1111 697 1166 769 sed
1195 687 1522 786 Vlcarr'um'lmperr'r'
1556 690 1793 792 designarint.
1829 688 1872 763 ln

1112 796 1240 895 postica
1276 796 1399 871 visrtur
1439 802 1564 876 Crux,
1604 795 1639 866 δι
1679 791 1717 864 in
1759 791 1874 864 limbo

1111 901 1242 996 legitur
1268 899 1352 973 haec
1379 896 1588 995 inscriptio:
1618 895 1780 968 KBLAS
1807 892 1875 963 ET

1111 1005 1229 1073 AVG.
1257 1006 1289 1073 S.
1319 1004 1440 1075 ROM.
1467 1002 1570 1072 IMP.
1598 1000 1637 1069 P.
1672 995 1757 1068 idest
1798 997 1876 1064 Do·

1112 1104 1228 1175 minus
1256 1101 1466 1176 Provinciae
1493 1099 1673 1186 Chablar'r,
1702 1099 1735 1168 dc
1763 1092 1874 1168 Civi-

1111 1203 1196 1276 tatis
1231 1204 1399 1300 Augustae
1439 1198 1663 1290 Praetoriae,
1706 1200 1755 1271 &⁴
1783 1197 1876 1269 Sacri

1093 1307 1253 1376 reomao
1279 1307 1408 1403 Imperii
1432 1305 1606 1400 Princeps.

227 1402 347 1478 dinem
375 1405 563 1502 equestrem
591 1404 711 1478 saneti
738 1406 911 1479 Mauricii
933 1407 988 1478 in·
1032 1407 1060 1476 B
1162 1407 1474 1506 Quadragesrmum
1519 1403 1666 1479 tertium
1707 1425 1875 1491 aereum,
1932 1382 1938 1395 ’

227 1503 370 1593 dicans,
413 1533 494 1579 cum
522 1505 710 1604 epigraphe
737 1512 770 1580 8.
800 1511 988 1581 Mavul-

228 1609 350 1682 CIVS.
379 1611 411 1679 8.
439 1605 494 1680 M.
521 1611 629 1680 Hunc
657 1613 855 1682 Nummum
897 1608 987 1683 Gui-

227 1705 421 1783 chenonius
449 1709 673 1781 tribuendum
704 1729 803 1809 purat
829 1713 942 1782 Corolo
962 1714 988 1783 Ι.

225 1811 332 1898 Duri,
369 1808 531 1904 quamvis
568 1812 701 1881 Carolus
742 1816 784 1883 ΙΙ.
821 1810 988 1884 inscriba-

226 1928 304 1999 tur,
331 1907 369 1983 &
398 1910 434 1981 in
463 1909 597 1982 duobus
626 1910 847 2007 sequentibus
871 1919 987 1984 Secun-

223 2013 283 2081 dos
311 2009 506 2085 identidem
534 2013 755 2111 appelletur3
783 2015 823 2084 eal
850 2015 987 2088 ratione

226 2111 373 2201 dusius3
401 2112 495 2211 quod
524 2111 574 2184 ibi
603 2112 740 2188 dicatur
767 2120 844 2186 Dux
872 2121 910 2189 V.
934 2116 988 2190 Sit

225 2213 317 2311 apud
343 2240 422 2288 eum
451 2211 555 2287 fides.
583 2209 692 2287 Certe
718 2235 814 2314 petat
834 2216 987 2315 aliquis,

1111 1510 1276 1580 Mutinae
1317 1509 1355 1581 in
1383 1503 1634 1580 Bertacchinio
1664 1502 1790 1578 Museo
1819 1502 1875 1575 ri-

1111 1608 1168 1681 di.
1196 1608 1253 1682 Ibi
1281 1608 1431 1708 lnfignia
1459 1607 1642 1708 gentilicia
1663 1604 1875 1678 Sabaudicae

1112 1709 1285 1782 Familiae
1313 1710 1379 1782 sese
1405 1710 1559 1782 offerunt
1586 1708 1622 1780 in
1646 1706 1764 1779 scuto.
1792 1706 1876 1777 Cir·

1111 1810 1282 1884 cumstant
1302 1812 1446 1885 literae:
1475 1812 1672 1883 KROLVS
1696 1810 1876 1880 SECON·

1112 1916 1230 1983 DVS.
1272 1916 1312 1982 In
1354 1909 1472 1984 aversa
1514 1930 1611 2008 parte
1652 1913 1768 1980 Dvx.
1799 1912 1876 1980 sA-

1111 2015 1322 2085 BAVDVS.
1352 2017 1393 2084 R.
1422 2015 1471 2082 Et
1497 2011 1535 2082 in
1563 2036 1639 2084 area
1669 2015 1711 2081 R.
1858 2014 1861 2021 ’

1161 2113 1452 2213 Quadragesrmus
1498 2131 1643 2210 quartus
1692 2128 1875 2208 argenteus

1110 2215 1152 2289 ad
1179 2217 1366 2312 Philippum
1407 2215 1598 2287 Sabaudiae
1633 2215 1768 2286 Ducem
1798 2238 1876 2309 per-

226 2341 288 2388 cur
314 2318 447 2386 Carolus
473 2322 603 2396 Bonus,
631 2317 823 2392 sabaudiae
845 2324 988 2393 DoarlX.
1035 2309 1068 2381 C
1110 2317 1230 2405 tinet,
1271 2316 1334 2413 qui
1376 2319 1485 2389 Anno
1514 2313 1648 2389 Chrisli
1677 2316 1877 2388 MCCCC-

222 2413 259 2489 se
285 2416 397 2515 postea
424 2419 572 2489 carolum
599 2422 643 2491 ΙΙ.
671 2419 711 2493 in
731 2418 799 2492 suis
820 2420 989 2494 Nummis

224 2515 378 2599 dixerit.
408 2524 533 2614 Neque
560 2517 664 2601 sane,
701 2521 795 2616 quod
821 2523 935 2593 Corolo
961 2527 989 2596 Ι.

223 2615 332 2693 suerit
358 2623 447 2695 alter
474 2619 580 2694 frater
599 2640 684 2696 natu
705 2624 818 2722 major
836 2622 989 2721 ejusdem

221 2721 405 2811 nominis,
432 2722 524 2820 patri
540 2745 804 2821 praemortuus,
832 2722 884 2798 sat
898 2725 988 2807 suit,

225 2841 267 2896 ut
301 2822 396 2895 idem
436 2825 570 2895 Carolus
596 2830 622 2896 Ι.
657 2829 890 2922 appellaretur
931 2834 989 2896 le·

225 2925 366 3005 modus,
394 2951 501 3021 quum
529 2922 707 3000 dominari
730 2925 868 3026 coepit.
896 2927 989 3002 Vide

224 3023 318 3099 infra
348 3029 544 3098 Nummum
576 3029 691 3102 XLII.

275 3127 566 3221 Quadragesrmus
619 3128 753 3226 primus
781 3147 989 3230 ¹argenteus

1112 2421 1262 2511 XCVII.
1289 2415 1396 2491 finem
1427 2417 1574 2490 vivendi
1614 2414 1723 2489 secit.
1763 2413 1876 2488 Anti·

1111 2546 1186 2593 cam
1214 2520 1343 2617 implet
1378 2518 1497 2617 imago
1537 2517 1641 2618 hujus
1670 2515 1874 2612 Principis,

1110 2647 1190 2694 cum
1210 2621 1399 2718 epigraphe
1419 2623 1650 2695 PHlLlPVS
1669 2621 1774 2689 DVX
1797 2621 1876 2690 SA·

1110 2725 1300 2797 BAVDIE
1328 2725 1410 2794 Vll.
1438 2722 1479 2795 ln
1518 2721 1647 2819 pollica
1682 2716 1784 2793 Crux
1815 2723 1876 2791 Sa·

1111 2822 1346 2898 baudiensrum
1386 2823 1590 2922 Principum
1631 2821 1751 2894 tessera
1792 2845 1874 2894 cum

1110 2928 1283 3022 Laqueo,
1324 2924 1461 2998 scilicet
1496 2951 1575 2998 cum
1614 2921 1741 3020 infigas
1767 2921 1876 2994 Ordi-
1909 2924 1911 2929 ’
2061 3012 2066 3025 Ι

1110 3027 1165 3100 nis
1194 3025 1361 3100 militaris
1388 3022 1427 3100 ἃ
1455 3025 1592 3099 Divisis
1619 3027 1771 3096 PERT.
1798 3022 1876 3095 Ad-

1110 3127 1207 3200 ditur
1227 3130 1377 3200 lemma:
1407 3133 1444 3201 A
1466 3130 1637 3202 DomiNO
1656 3127 1875 3200 FAchM

224 3233 368 3302 Scutum
398 3226 567 3324 praefert,
593 3226 631 3301 in
660 3256 731 3326 quo
758 3227 905 3330 infignia
928 3235 990 3305 Sa·
1038 3232 1082 3300 D'
1109 3232 1202 3302 EST
1229 3233 1403 3304 lSTVD.

227 3328 419 3403 baudiensrs
448 3330 646 3415 Familiae,
675 3329 714 3402 &
740 3328 892 3426 Cyprici
922 3338 990 3404 Re·

225 3430 286 3529 gni
330 3447 516 3526 apparent.
553 3431 652 3499 Haec
691 3429 743 3500 ibi
773 3429 987 3529 epigraphe:

221 3534 421 3605 KROLVS
462 3530 723 3602 SECVNDVS
767 3533 870 3602 DVX
912 3536 989 3605 SA-

225 3634 416 3705 BAVDIE
445 3634 490 3702 V.
518 3633 559 3702 ln
588 3628 716 3727 pollici
742 3630 876 3731 effigies
904 3635 991 3704 San-

224 3732 276 3806 cti
318 3728 488 3806 Mauricii
542 3756 621 3804 cum
667 3735 835 3805 lemmate
878 3734 990 3804 Domr’-

227 3840 313 4010 fflus
349 3836 702 3909 ILLVMINACIO
741 3837 809 3907 ET
833 3834 991 3910 SALVS

275 3965 336 4009 ra.

262 4036 569 4137 ¹Quadragefimus
605 4036 773 4111 secundus
808 4059 991 4139 argenteus

1162 3330 1453 3428 Quadragesrmus
1492 3331 1661 3428 quinElus
1695 3330 1738 3402 ad
1777 3355 1877 3402 cum·

1112 3430 1190 3501 dem
1230 3430 1430 3527 Principem
1466 3431 1693 3518 referendus,
1738 3427 1877 3502 scutum

1114 3527 1262 3628 praefert
1289 3555 1367 3601 cum
1396 3530 1582 3628 gentilicia
1609 3528 1754 3617 Cruce‚
1782 3529 1878 3629 adje-

1113 3629 1180 3703 slis
1208 3630 1341 3704 duobus
1376 3632 1554 3728 Laqueis,
1595 3629 1633 3706 ἃ
1676 3629 1889 3726 circumpos

1113 3730 1174 3802 sna
1234 3731 1298 3804 hac
1355 3733 1578 3831 epigraphe:
1647 3734 1879 3807 PHlLIPVS

1115 3837 1220 3906 Dvx
1248 3837 1519 3907 SABAVDIE.
1557 3837 1681 3907 Altera
1708 3828 1810 3906 Cruai
1838 3832 1878 3907 in

1115 3933 1242 4034 pollica
1271 3936 1453 4017 cernitur,
1480 3935 1652 4009 Ordinem
1682 3935 1878 4008 militarem

1115 4035 1232 4110 Sansli
1263 4037 1431 4110 Mauricii
1470 4037 1653 4125 indicans,
1695 4062 1775 4109 cum
1803 4034 1880 4135 epi·

226 4139 384 4236 quinque
436 4139 573 4210 tesseras
622 4138 753 4228 offert,
795 4139 992 4214 indicantes
1043 4136 1073 4207 E
1116 4140 1265 4235 graphe:
1297 4142 1534 4214 PRINCEPS
1559 4141 1804 4212 MARCHIO
1824 4139 1881 4214 IN

227 4235 493 4315 Sabaudiensctn
524 4244 727 4321 Ducatum‚
764 4236 991 4314 Caballicum

228 4367 373 4440 agrum,
424 4339 615 4440 Augustam
672 4343 914 4428 Praetoriam‚
956 4346 992 4416 dc

227 4444 473 4537 Principatum
518 4439 602 4517 sacri
636 4442 785 4514 Romani
818 4442 992 4537 imperii.

227 4540 443 4621 Circumstat
470 4543 655 4633 inscriptio
696 4547 893 4619 KROLVS
924 4550 993 4618 8Ε-

230 4649 369 4721 curam
391 4646 491 4714 ovx
514 4648 724 4719 saunvo.
747 4652 791 4719 v.
814 4647 874 4720 uri
898 4674 993 4742 prae·

228 4745 322 4820 satus
365 4745 462 4827 sunt,
504 4745 771 4823 Guichenonius
812 4753 925 4821 Carrio
966 4751 993 4823 Ι.

227 4847 360 4921 rruuir
388 4847 451 4918 laos
480 4873 620 4946 quoque
649 4852 846 4938 Nummos,
878 4854 913 4924 cd
940 4877 992 4923 ra·

228 4948 329 5023 tione
359 4967 564 5042 permotus.
605 4950 699 5048 quod
742 4953 800 5024 hic
830 4956 994 5048 Princeps

231 5049 373 5142 plicatur
407 5054 487 5125 uua
519 5049 709 5146 Quinum.
747 5053 815 5149 Sed
854 5054 996 5130 lieri-ue

1118 5052 1214 5126 rvs
1248 5055 1355 5126 ovx
1404 5053 1655 5145 :aunuum
1697 5056 1799 5129 vui.
1837 5049 1882 5126 ro

1116 4241 1279 4311 ITAlia.

1167 4338 1458 4439 Quadragefimus
1498 4339 1638 4428 sextus,
1674 4339 1879 4440 Quadrage·
2008 4410 2010 4414 .

1118 4439 1219 4514 simus
1260 4440 1457 4538 septimus,
1507 4439 1544 4514 ἃ
1587 4439 1880 4539 Quadragesrmus

1117 4543 1263 4618 ossavus
1305 4568 1425 4640 parum
1467 4541 1672 4630 disfimiles,
1710 4543 1881 4617 exhibent

1117 4644 1269 4744 effigiem
1313 4646 1486 4716 Pbr‘lr’berrr'
1527 4651 1570 4718 ΙΙ.
1614 4644 1722 4719 Ducis
1751 4645 1881 4718 Sabau·

1118 4748 1222 4835 diae,
1249 4743 1311 4842 qui
1340 4752 1450 4817 Anno
1475 4744 1608 4821 Christi
1639 4749 1784 4820 MDlV.
1811 4744 1881 4819 im·

1118 4866 1256 4921 maturo
1298 4845 1371 4922 sato
1412 4847 1567 4923 sublatus
1608 4848 1678 4920 suir
1709 4873 1727 4920 e
1757 4846 1879 4924 vivis.

1118 4953 1215 5022 Haec
1243 4949 1341 5021 illus
1378 4947 1585 5044 inscriptio:
1628 4952 1882 5025 PHlLlBER·

1760 5178 1826 5255 ΡΟ·
