4214 6014
258 456 266 477 ,
307 343 400 461 233

365 562 656 640 struuntur
681 563 906 636 contris

492 667 561 740 ET
587 666 771 738 Duces.
803 681 805 685 ’

358 865 561 946 Obilillima
599 867 865 955 Sabaudiensium
907 865 1015 939 Comi·

384 997 451 1044 rum
491 972 656 1063 soboles,
697 970 810 1069 polica
846 973 1014 1059 Ducum,

189 1084 193 1117 ¹
231 1102 345 1173 quae
383 1075 531 1149 titulum
569 1068 721 1172 Regium
748 1100 768 1144 a
795 1068 920 1167 Cypro
955 1069 1015 1142 de-

616 290 1032 456 narravit.
1074 335 1316 429 Mauri
1350 337 1537 431 aaut

1053 472 1090 547 Α
1124 459 1225 534 Nori
1261 460 1564 540 Anecdotorum.
1607 466 1885 554 Dubitationeur

1737 351 1830 470 rr,-

1123 559 1274 636 lortaffis
1301 562 1514 664 ingesserunt
1538 570 1793 649 Guicbeoonio
1813 579 1887 676 pri-

1011 707 1013 712 <
1124 690 1180 738 ma
1207 665 1360 738 Chartae
1387 665 1487 739 illius
1515 673 1641 764 verba,
1671 701 1759 772 quae
1786 679 1885 755 nihil

1123 765 1262 865 sapiunt
1298 794 1412 841 mores
1448 771 1611 855 Saeculi,
1648 802 1720 873 quo
1755 779 1888 879 scripta

1121 867 1253 949 fertur,
1281 867 1436 944 l’cilicet:
1468 873 1627 944 Beraldur
1652 894 1690 946 aa
1715 885 1884 976 saxonia,

1121 977 1236 1040 Prorex
1261 971 1462 1055 Arelatensis
1485 996 1544 1064 pro
1567 984 1655 1073 Rege
1678 985 1886 1076 porentiffime
2005 1055 2007 1058 a

1122 1072 1288 1162 Radulsu,
1314 1074 1361 1154 &¹
1387 1079 1430 1146 ab
1447 1080 1598 1173 Augusta
1624 1081 1798 1169 Maiestate
1818 1091 1886 1157 Im·

232 1174 431 1265 duratum,
458 1175 580 1249 addito
606 1175 728 1248 diebus
750 1171 874 1246 nostris
898 1169 1014 1243 Sardi·
1116 1174 1201 1269 perii
1226 1197 1345 1247 creares
1372 1178 1536 1250 Virarr'ue.
1570 1182 1618 1252 Et
1654 1181 1765 1258 infra:
1804 1191 1885 1257 Mo-

251 1277 332 1351 niae
360 1284 504 1377 Regno,
532 1274 745 1352 luculentius
764 1270 1014 1362 confirmavit,

1121 1275 1289 1361 nestorium
1315 1279 1489 1369 Talluere,
1525 1285 1607 1375 quod
1628 1283 1788 1370 fundavit
1813 1294 1884 1360 Do·

169 1445 173 1451 .
252 1379 348 1452 inter
383 1381 472 1452 alios
505 1377 640 1452 suarum
669 1402 785 1450 rerum
821 1376 1015 1471 Scriptores
1056 1382 1085 1454 B
1119 1377 1223 1447 minus
1248 1405 1330 1446 meus
1351 1386 1452 1465 Rex;
1478 1408 1586 1477 quum
1610 1385 1881 1462 Guicbenonius

251 1483 450 1554 Samuelem
471 1479 758 1554 Guicbenonium
779 1476 925 1556 habuit,
951 1474 1014 1570 qui

249 1581 527 1682 Genealogicam
570 1582 765 1655 Historiam
802 1576 932 1675 Regiae
968 1577 1011 1649 il·

251 1683 322 1756 lius
351 1685 522 1757 Familiae
550 1679 760 1780 ampliffime
787 1675 1012 1776 conlcripsrt.

250 1787 284 1856 Is
321 1805 438 1857 autem
465 1787 499 1855 ἃ
528 1787 704 1857 Nummos
741 1777 1012 1860 Sabaudient'es,

250 1903 432 1983 quotquot
459 1883 606 1979 potuit,
644 1882 811 1979 collegit.
848 1885 902 1952 Ex
940 1881 1014 1979 ejus

249 1988 370 2060 labore
398 1984 589 2084 proliciunt,
609 2011 702 2058 nunc
726 2008 812 2082 ego.
839 1986 1013 2055 Attamen

198 2129 208 2159 ι
247 2088 346 2186 prius
373 2087 682 2174 animadvertam,
718 2085 890 2178 inclytam
929 2111 1013 2183 geu·

250 2209 322 2263 tem
351 2189 451 2262 illam
490 2190 604 2288 plures
639 2186 768 2261 dedille
796 2187 1013 2272 flambertus,

1118 1476 1191 1577 ipse
1206 1479 1341 1552 tabulas
1362 1483 1571 1578 protulerit,
1591 1485 1631 1557 in
1651 1487 1779 1582 quibus
1799 1487 1883 1562 fun·

1118 1581 1217 1653 datio
1262 1579 1412 1676 ejusdem
1458 1583 1665 1660 Monallerii
1705 1590 1881 1664 tribuitur

1117 1707 1195 1757 non
1228 1681 1377 1755 Radulfo
1414 1687 1530 1782 Regi,
1572 1685 1628 1760 sed
1664 1691 1884 1782 Ermengardi

1118 1784 1238 1854 Danuui
1264 1787 1432 1875 Rodulphi
1458 1788 1569 1880 Regis,
1587 1788 1746 1886 Coniugi.
1783 1791 1880 1865 Infra

1117 1884 1225 1958 etiam
1247 1908 1569 1961 commemorantur
1589 1894 1723 1981 Fruda,
1750 1894 1880 1988 quibus

1117 1985 1211 2059 idem
1240 1987 1492 2062 Monallerium
1531 1988 1730 2066 fruebatur.
1768 1995 1881 2068 Deui-

1118 2115 1184 2182 que
1211 2088 1263 2161 ibi
1290 2089 1446 2189 legitur:
1484 2092 1608 2163 Alium
1634 2095 1667 2164 r'n
1695 2121 1728 2164 ro
1753 2097 1816 2166 loro
1840 2098 1880 2168 dr

1117 2191 1289 2281 Taluerr's,
1325 2194 1479 2264 laudante
1515 2197 1652 2266 Domino
1686 2223 1760 2268 mro.
1776 2201 1882 2289 impr-

247 2293 283 2365 &
311 2296 417 2390 longe
445 2292 560 2387 plures
583 2293 761 2363 Amedros.
789 2286 888 2360 Hinc
915 2306 1012 2360 teue-
1048 2295 1080 2366 C
1116 2317 1243 2374 rasore,
1270 2291 1317 2369 (γ’
1339 2293 1449 2391 genito
1474 2322 1538 2367 meo
1563 2297 1715 2390 carrffim
1751 2297 1884 2372 Umber.

250 2396 330 2468 brae
357 2394 395 2466 iu
424 2391 619 2466 tribuendis
647 2389 710 2465 uui
738 2390 879 2488 potius,
905 2390 1030 2485 quim,

249 2495 354 2570 alteri
401 2493 554 2595 ejusdem
601 2490 759 2566 nominis
803 2490 1010 2590 Nummis3

247 2598 380 2697 quippe
415 2596 612 2669 divinando
652 2594 791 2667 tantiam
833 2590 1010 2664 interdurn

169 2705 172 2711 ’
250 2699 496 2799 adfignantur.
535 2703 733 2772 Nummum
761 2721 780 2766 a
806 2692 1012 2767 Guicbeno·

111 2882 114 2886 ·
247 2802 311 2875 nio
328 2798 535 2899 produttum
553 2801 677 2870 lubens
692 2813 890 2896 praetereo,
906 2821 1011 2890 quem

247 2903 280 2978 is
316 2899 534 2975 referendum
575 2900 640 2973 elle
683 2915 784 2999 putat
805 2895 862 2969 aad
902 2903 1009 2970 Berel·

115 3001 122 3009 ’
247 3007 346 3086 dum,
375 3000 576 3100 Principem
604 3001 759 3112 primum
787 2997 882 3072 inter
908 3021 1012 3075 notos

247 3106 355 3183 nobis
378 3132 398 3178 e
424 3102 645 3178 Sabaudiensr
681 3103 807 3197 stirpe,
843 3100 907 3198 qui
943 3103 1011 3175 cir·

246 3206 339 3284 citer
377 3210 474 3280 Ann.
517 3203 652 3281 Chrilli
692 3208 818 3278 MXV.
858 3198 1010 3277 floruille
1045 3207 1079 3274 D
1115 3205 1882 3303 riennaeComiti,quiAnnoMXLVlll.

247 3309 423 3382 creditur.
442 3307 614 3398 Omitto,
631 3306 776 3406 inquam
787 3355 800 3389 ‚
818 3325 895 3378 tum
915 3308 1010 3403 quod

246 3411 294 3486 iis
321 3410 539 3509 temporibus
566 3437 636 3483 non
664 3412 821 3509 legamus
847 3407 904 3509 jus
926 3410 1008 3483 Mo·

248 3532 351 3588 netae
377 3513 477 3588 fuisse
497 3513 617 3587 datum
640 3509 871 3596 Comitibus,
899 3537 1012 3609 neque

100 3654 104 3661 ·
244 3615 518 3690 Marchionibus
546 3615 747 3711 (Sabaudia
777 3631 895 3687 autem
924 3640 1012 3688 aeuo

246 3715 316 3790 illo
343 3742 420 3813 pars
446 3733 521 3789 erat
546 3715 766 3817 Burgundici
803 3715 940 3812 Regni,
976 3717 1011 3788 δι

244 3816 419 3892 Beroldus
437 3820 568 3894 Comes
589 3819 727 3892 tanthm
756 3817 1011 3906 Mauriennae,

244 3920 465 4020 Burgundici
502 3919 608 4019 Regis
636 3919 835 4013 Vallallus)
862 3936 938 3990 tum
974 3943 1008 3988 e·

245 4022 336 4094 tiam
364 4020 459 4114 quod
488 4025 666 4089 Nummus
695 4017 844 4088 minime
870 4017 934 4085 ille
955 4015 1011 4088 vi-

1116 2417 1172 2468 ro,
1203 2393 1360 2467 Forfitan
1387 2394 1425 2467 iu
1452 2394 1508 2469 his
1535 2396 1672 2494 aliquid
1700 2399 1878 2500 peregrini

1117 2493 1155 2569 ἃ
1184 2494 1329 2570 conlihii
1358 2494 1476 2569 videre
1513 2497 1782 2573 Guicbenonius
1818 2499 1883 2575 fibi

1118 2596 1211 2671 visus
1238 2598 1304 2672 est.
1333 2600 1458 2696 Neque
1485 2626 1550 2698 ego
1574 2600 1744 2696 ejusmodi
1766 2601 1882 2676 Char·

1117 2718 1189 2772 tam
1217 2699 1355 2790 innuo,
1382 2698 1437 2772 uti
1472 2725 1677 2798 germanum
1715 2700 1850 2776 foetum
1866 2753 1879 2786 ,

1117 2800 1172 2873 sed
1215 2821 1255 2875 ut
1291 2800 1331 2875 in
1370 2825 1463 2874 eam·
1488 2800 1697 2903 diligentius
1737 2803 1884 2886 Eruditi

1116 2900 1336 2997 inspiciant,
1424 2917 1425 2921 ’

1170 3005 1309 3078 Primus
1337 3022 1520 3106 argenteus
1548 3012 1727 3082 Nummus
1753 3006 1884 3082 aGui-

1117 3106 1296 3179 ebenonio
1329 3107 1501 3181 tribuitur
1536 3112 1740 3182 Humberto
1775 3112 1885 3183 Mau·

1116 3304 1258 3380 evivis
1284 3304 1457 3379 exceffitte
1493 3309 1665 3381 traditur.
1701 3305 1804 3384 Crux
1841 3313 1883 3385 in

1118 3408 1236 3481 antica
1265 3405 1407 3480 visitur.
1434 3410 1543 3481 Stella
1569 3408 1607 3481 iu
1635 3409 1784 3502 pollica.
1822 3415 1885 3485 Iu-

1120 3509 1265 3606 lctiptio
1294 3512 1567 3613 VMBERTVS
1594 3514 1781 3585 COMES.
1819 3515 1886 3587 Sed

1119 3638 1229 3711 quum
1257 3609 1437 3684 Umberto
1464 3608 1512 3686 11.
1539 3638 1599 3710 par
1620 3617 1797 3687 Nummus
1816 3615 1885 3689 tri-

1120 3715 1268 3801 buatur,
1305 3713 1347 3783 ad
1375 3713 1659 3811 illumpotius,
1694 3716 1801 3812 quim
1839 3715 1884 3793 ad

1118 3814 1245 3899 illum,
1272 3809 1331 3882 hic
1358 3812 1555 3886 referendus
1584 3815 1745 3890 videtur.
1868 3848 1870 3859 >

1170 3910 1344 3985 Secundus
1372 3931 1553 4009 argenteus
1581 3920 1752 4014 Aquilam
1781 3917 1818 3992 iu
1845 3946 1885 3994 a·

1118 4040 1173 4086 rea
1201 4010 1305 4082 habet
1333 4011 1517 4097 bicipitem
1548 4043 1627 4089 cum
1666 4019 1882 4118 epigraphe:

246 4120 398 4204 deatur,
435 4143 543 4214 quum
582 4117 701 4207 auersi
736 4133 833 4213 parte
870 4136 1011 4190 careat.
1043 4110 1074 4180 Ε
1119 4115 1293 4187 Amans
1328 4117 1495 4188 COMES
1532 4121 1633 4192 SAB.
1671 4121 1753 4194 iden
1779 4129 1886 4195 Amr-

243 4220 404 4298 Miretur
430 4218 561 4318 aliquis
576 4275 588 4310 ,
602 4291 609 4301 ,
623 4244 685 4293 cur
720 4216 948 4318 diligentiam
974 4245 1009 4292 e-

246 4323 379 4425 jusdem
407 4320 648 4397 Guicbenonii
672 4319 834 4420 effugerit
852 4317 1011 4415 Charta,
1039 4402 1041 4406 ,

244 4431 360 4502 Anno
383 4421 519 4500 Christi
554 4428 682 4498 Mxtn
713 4422 871 4522 lcripta,
905 4450 1009 4521 quam

246 4557 267 4604 e
304 4524 545 4603 Talveriensrs
582 4523 793 4598 Monallerii
821 4525 1010 4617 Archino,

245 4630 303 4707 srti
330 4630 371 4706 in
397 4626 577 4701 Aniciensr
608 4624 789 4707 Dioecefi,
814 4625 1010 4701 Clarillimi

243 4730 417 4807 Monachi
448 4729 671 4803 Benedielini
700 4756 720 4801 e
746 4724 1009 4829 Congregatio·
1040 4742 1043 4748 “

244 4857 290 4905 nc
325 4833 446 4909 saneti
483 4830 629 4917 Mauri,
665 4829 833 4905 Marteue
868 4829 906 4906 ἃ
935 4836 1009 4904 Du·
1042 4902 1045 4909 ,

250 4937 358 5022 rand,
385 4935 452 5010 lese
479 4933 645 5034 accepille
672 4934 836 5026 tradunt,
863 4934 905 5006 ab
932 4931 1011 5023 iplis

162 5092 165 5097 .
249 5030 348 5107 edita
380 5039 500 5115 Turno
535 5042 566 5115 Ι.
599 5062 682 5138 pag.
717 5054 803 5132 140.
839 5032 1014 5111 Thesauri

1118 4235 1194 4287 arus
1209 4221 1319 4287 Comes
1332 4208 1536 4292 sabaudiii'.
1553 4224 1592 4293 ln
1614 4221 1741 4320 poll-ica
1756 4221 1883 4306 Crux,

1119 4319 1157 4393 in
1184 4318 1286 4417 cujus
1322 4321 1458 4420 angulis
1488 4319 1647 4397 visuntur
1680 4323 1803 4395 literae
1831 4327 1884 4398 A.

1121 4423 1175 4493 M.
1202 4423 1243 4491 E.
1273 4425 1315 4494 D.
1346 4418 1437 4495 idem
1467 4419 1884 4519 nomenlexprimentes.

1095 4508 1160 4596 ‘tn
1177 4524 1291 4598 timeo
1308 4526 1741 4597 ranamourrusrs.
1766 4529 1885 4601 uum-

1120 4651 1216 4697 mum
1247 4627 1337 4698 hunc
1366 4626 1630 4700 Guicbenonius
1668 4625 1795 4700 tribuit
1823 4637 1884 4702 A-

1119 4730 1223 4798 mrdeo
1248 4731 1289 4796 ll.
1320 4726 1507 4800 sabaudiae
1534 4726 1700 4809 Comiti,
1728 4730 1790 4825 qui
1811 4730 1884 4804 cir·

1121 4830 1210 4901 citer
1237 4830 1380 4900 Annum
1419 4832 1613 4904 MLxxx.
1650 4833 1762 4905 vitam
1799 4857 1884 4906 cum

1122 4949 1236 5003 morte
1263 4932 1488 5003 commutalle
1516 4931 1647 5006 fertur.
1674 4938 1804 5007 Verbm
1838 4934 1886 5008 ab

1123 5033 1195 5136 ejus
1222 5031 1393 5133 opinione
1419 5033 1592 5111 dilcederc
1618 5062 1745 5137 cogor.
1782 5040 1885 5110 Lon-

1674 5163 1829 5248 ,ὅθ
