4214 6014
298 383 383 466 ῃ,
571 347 942 439 Disserere-ro
996 351 1543 444 ereesrneseerrnn.
1735 387 1820 467 390

234 476 340 549 IMP.
369 476 409 544 ln
436 467 552 544 aversa
581 473 663 543 verb
691 486 789 562 parte
817 471 995 543 ΡΑΡΙΑ.
1042 483 1083 553 Α·
1165 472 1341 568 Septimus
1369 477 1547 548 Nummus
1584 468 1805 568 praecedenti
1832 467 1875 544 sr-

233 577 298 650 sed
326 573 475 648 minime
502 588 636 645 certum
664 568 736 653 est,
772 569 926 661 focilare
953 571 994 646 ad

231 676 458 754 Ludovicum
495 673 601 747 Pium
641 672 735 746 bunc
773 679 992 749 Nummum:

230 778 412 876 tribuique
439 774 471 851 is
507 773 617 861 norell
645 775 807 846 ludovico
842 781 887 850 ΙΙ.
923 781 995 851 lm·

227 879 387 981 peratori
414 879 490 976 eius
518 874 676 974 Nepoti,
704 875 766 974 qui
793 877 919 952 Ticini
945 878 996 954 se·

228 980 309 1057 dem
339 979 455 1078 Regni
482 976 592 1056 fixit,
628 978 662 1048 ἃ
701 977 878 1054 Lochariu
905 980 998 1080 patri

229 1079 392 1158 succellic
417 1083 529 1153 Anno
556 1082 773 1154 DCCCLV.

153 1252 156 1257 .
279 1187 439 1276 Quartus
462 1187 637 1256 Nummus
658 1184 846 1254 lotharium
872 1189 899 1257 l.
920 1188 998 1258 Au-

231 1283 367 1384 gustum
384 1283 526 1357 circiter
538 1289 684 1357 Annum
696 1280 830 1357 Christi
846 1287 997 1359 DCCC-

234 1390 315 1461 η’
341 1384 444 1457 ⁰⁰bi⁸
478 1385 649 1459 exhibet.
686 1388 716 1456 Ε
751 1383 880 1459 M⁰se⁰
917 1387 995 1479 Syri
1041 1385 1070 1455 Β
1109 1389 1179 1463 liae
1208 1394 1368 1489 Regnum
1395 1386 1542 1464 invalit.
1578 1386 1710 1463 Chrilli
1737 1386 1874 1461 Mono·
2030 1353 2037 1360 ¹

1045 1492 1058 1506 '⁴
1108 1515 1266 1589 gramma
1292 1490 1331 1564 in
1359 1490 1477 1565 medio
1513 1488 1695 1577 cernitur,
1731 1490 1766 1561 δι
1802 1487 1874 1562 cir.

228 1484 386 1561 Rhaudii
412 1484 569 1560 emersit.
598 1489 696 1560 Crux
724 1484 762 1558 in
788 1485 905 1559 medio
932 1486 994 1561 fita

227 1585 679 1764 eirenem
860 1591 994 1764 ru

578 1741 587 1762 .
680 1740 691 1760 .
729 1713 897 1764 navera
938 1719 992 1769 ar·

225 1806 264 1865 te
292 1791 471 1872 entra,
866 1875 871 1887 ,
915 1719 937 1792 P

280 1889 479 1984 Quinilum
510 1894 708 1965 Nummum
739 1894 882 1992 accepi,
908 1894 992 1970 dum

227 1992 267 2068 in
301 1989 397 2066 vivis
435 2009 533 2074 erat,
570 2021 589 2065 a
621 1995 681 2068 Cl.
713 1995 792 2068 Vir.
829 1998 993 2071 Huberto

226 2092 491 2193 Benvogliento
530 2094 688 2168 Patricio
715 2096 871 2170 Senensi.
901 2097 992 2173 Vifi-

227 2195 365 2271 turibi
391 2192 667 2296 Monogramma
686 2196 845 2282 Christi,
869 2226 995 2302 nempe

222 2296 345 2584 ᾖ
388 2424 468 2473 cum
508 2399 696 2504 epigraphe
735 2407 993 2482 BERENGA·

223 2608 338 2678 RlVS
377 2608 428 2676 ln
442 2589 601 2685 Peraroe.
645 2612 686 2683 ln
728 2609 878 2708 posticae
914 2638 992 2687 area

224 2709 378 2780 PAPIA
420 2709 597 2788 Ciuitas,
640 2729 748 2808 atque
791 2710 830 2783 in
877 2711 991 2787 limbo

224 2810 499 2881 XPISTIANA
522 2812 723 2882 RELlGio.
744 2810 856 2883 Cusus
873 2817 989 2886 Num-

224 2933 305 2982 mus
332 2913 441 2980 Anno
468 2904 604 2981 Christi
632 2910 903 2984 occccxvl.
929 2933 992 2986 aut

223 3008 514 3108 subsequentibus
532 3062 542 3083 .

122 3114 127 3121 ’
275 3117 402 3185 Sextus
441 3114 639 3194 Nummus,
674 3137 694 3185 e
730 3110 856 3187 Museo
892 3141 990 3209 prae·

1114 574 1212 650 milis
1238 573 1305 665 est,
1342 592 1447 672 atque
1473 572 1516 645 ad
1551 570 1713 645 eumdem
1744 575 1875 648 Beren-

1112 676 1273 777 garium,
1313 674 1382 750 five
1421 677 1759 749 PRENCARIVM
1795 679 1875 750 Au·

1112 778 1244 878 gustum
1266 777 1419 878 spebiare
1439 774 1597 850 videtur.
1621 774 1775 850 Eaedem
1793 775 1873 852 heic

1112 880 1262 962 literae,
1291 899 1397 977 atque
1423 877 1502 952 ibi.

1163 982 1320 1056 Oilavus
1358 986 1536 1056 Nummus
1572 999 1756 1080 argenteus
1781 981 1873 1076 apud

1111 1085 1271 1158 eumdem
1301 1083 1503 1158 Rhaudium
1532 1081 1712 1173 exsiliens,
1742 1083 1874 1181 spellat

1111 1184 1152 1257 ad
1180 1188 1387 1281 Rodulpbum
1415 1183 1707 1282 Burgundionum
1733 1192 1874 1282 Regem,

1109 1284 1173 1384 qui
1194 1290 1304 1360 Anno
1330 1287 1459 1362 Christi
1482 1289 1771 1361 DCCCCllllll.
1800 1289 1874 1358 lta-

1108 1617 1187 1664 cum
1216 1594 1343 1667 literae
1373 1595 1614 1668 RODVLPO
1651 1594 1757 1665 Ptvs
1794 1594 1873 1665 Rx.

1108 1697 1147 1766 In
1176 1695 1286 1768 altera
1321 1692 1412 1768 facie
1448 1693 1582 1790 legitur
1619 1695 1771 1767 PAPIA
1807 1693 1872 1767 CL

1105 1794 1189 1869 idell
1215 1796 1369 1878 Civitas,
1406 1793 1445 1870 ἃ
1481 1794 1520 1868 in
1547 1794 1700 1869 circuitu
1727 1796 1872 1870 CHRI-

1105 1900 1164 1969 ST
1168 1900 1297 1969 [ANA
1337 1901 1499 1969 RELlG.
1535 1895 1602 1968 hoc
1637 1893 1685 1968 est
1718 1895 1873 1990 Religio.

1158 2000 1285 2072 Nouus
1313 2001 1492 2070 Nummus
1514 2013 1697 2095 argenteus
1724 1995 1763 2068 in
1782 1993 1872 2067 Mu·

1106 2095 1163 2173 seo
1192 2097 1356 2172 Rhaudio
1390 2097 1613 2178 adservatur,
1648 2097 1691 2168 ad
1726 2102 1871 2165 ormnem

1104 2205 1132 2274 Ῑ.
1161 2199 1355 2299 Augustum
1392 2198 1536 2271 circiter
1562 2202 1709 2271 Annum
1737 2194 1872 2275 Christi

1034 2303 1069 2380 C
1105 2303 1393 2376 DCCCCLllll.
1407 2297 1605 2374 referendus
1622 2296 1783 2372 videtur.
1797 2301 1870 2372 At·

1104 2420 1224 2478 tamen
1252 2401 1363 2477 tribui
1391 2403 1499 2476 etiam
1529 2399 1638 2500 potest
1662 2398 1793 2472 Ottoni
1823 2399 1870 2475 11.

1105 2506 1179 2604 ejus
1206 2503 1306 2587 filio,
1342 2522 1403 2578 aut
1430 2504 1560 2578 Ottoni
1596 2501 1664 2577 Ill.
1691 2500 1766 2600 ejus
1794 2503 1869 2576 Ne-

1106 2608 1206 2703 poti.
1234 2610 1274 2680 ln
1302 2633 1380 2679 area
1407 2604 1540 2702 legitur
1565 2606 1737 2692 OTTO,
1765 2603 1800 2674 δι
1827 2600 1869 2678 io

1104 2709 1219 2782 limbo
1261 2709 1592 2783 IMPERATOR.
1628 2708 1755 2778 Altera
1790 2726 1869 2802 pars

1104 2806 1142 2883 iu
1170 2807 1289 2883 medio
1320 2808 1469 2904 praefert
1496 2809 1648 2880 PAPIA
1687 2804 1870 2880 INCLIT
2012 2873 2015 2879 .

1104 2913 1272 2982 (ΣΝΙΤ.Ι
1298 2909 1383 2982 idest
1418 2909 1540 2995 inclyta
1574 2907 1726 2980 Civitas.
1764 2903 1869 2980 Tici-

1106 3005 1217 3081 nenlis
1257 3026 1376 3082 autem
1422 3005 1596 3099 Monetae¹
1640 3007 1784 3081 circiter
1826 3033 1868 3083 ea

1104 3124 1265 3208 tempora
1292 3108 1521 3197 mentionem.
1540 3107 1661 3184 uideas
1687 3108 1725 3182 io
1753 3107 1868 3182 Char·

222 3212 358 3289 laudati
397 3211 529 3285 nobilis
557 3212 629 3287 viri
667 3212 745 3309 Syri
773 3215 816 3288 de
844 3216 990 3292 Rbsude
1031 3216 1065 3285 D
1103 3229 1139 3285 ta
1166 3216 1276 3286 Anno
1307 3214 1678 3288 occchxxxnc.
1713 3208 1869 3309 scripta,
1928 3298 1930 3303 ,

222 3312 315 3389 mibi
361 3310 638 3411 suppeditatur,
684 3316 743 3388 cui
782 3317 989 3392 tribuendus

222 3414 285 3499 fit,
308 3421 405 3489 certo
426 3413 555 3513 aliequi
577 3441 647 3487 non
671 3415 793 3512 potui.
815 3419 868 3491 lbi
890 3423 990 3492 Crux

221 3516 262 3591 io
293 3542 392 3589 area.
429 3510 670 3586 Circumstant
698 3513 821 3590 liierae
841 3523 887 3590 Fl
908 3523 990 3591 PA-

222 3621 331 3695 etn,
375 3612 459 3686 idest
495 3614 623 3683 retem
657 3615 790 3708 eapte,
827 3615 892 3689 nit
928 3620 990 3691 et.

223 3714 411 3816 legendum
441 3712 504 3795 fit,
533 3713 601 3787 hoc
628 3712 675 3787 est
711 3716 857 3791 Flavia.
884 3720 990 3792 Alte·

220 3845 260 3895 ra
280 3814 386 3891 facies
413 3815 451 3889 in
473 3816 594 3889 medio
622 3815 726 3889 babet
756 3821 792 3891 Ρ.
822 3823 863 3894 R.
890 3823 934 3894 C.
963 3823 990 3894 l.

222 3917 260 3995 &
288 3919 326 3992 in
360 3917 512 3993 circuitu
543 3919 860 3995 INPERATOR.
893 3925 986 3995 Dum

222 4023 372 4095 meliora
413 4018 571 4093 adferant
609 4020 702 4108 alii,
747 4022 856 4097 liceat
895 4023 986 4097 mihi

222 4121 329 4198 iniis
354 4119 448 4220 figlis
475 4124 589 4220 legere
612 4123 878 4211 retenentes,
904 4125 988 4198 idest
1029 4127 1053 4194 Ε

224 4224 439 4320 Berengerius
479 4227 506 4296 l
549 4219 744 4294 Theotisco
771 4248 868 4296 more
908 4251 988 4306 nro-

223 4325 429 4404 nuntiatus,
450 4322 510 4423 qui
530 4326 638 4396 Anno
653 4321 782 4396 christi
803 4326 987 4401 DCCCO

223 4430 325 4499 xvt.
362 4432 603 4501 Romanorum
641 4423 838 4517 imperator
863 4425 909 4498 est
934 4454 987 4501 re·

222 4525 406 4701 llll‘l‘
431 4525 987 4731 bssieri‘ie¹‘geiiib⁸iiii

224 4747 283 4803 tae
310 4747 514 4827 argenteae,
541 4728 664 4802 diverse
687 4753 805 4807 tamen
821 4733 988 4822 moduli,

221 4849 380 4907 reoertre
398 4824 556 4926 «luerunt
592 4829 726 4905 lmolae
754 4861 842 4908 aevo
873 4836 986 4909 nollro

220 4932 260 5008 in
288 4956 482 5005 marmorea
511 4956 615 5014 arca,
651 4931 710 5004 ubi
755 4934 872 5011 saneti
900 4935 982 5011 Cas·

223 5031 308 5107 fimi
338 5031 510 5126 Martyris
536 5031 607 5105 oll'a
635 5027 696 5105 sub
722 5036 890 5113 Honorio
915 5036 984 5112 lll.

223 5137 318 5236 l'aga
345 5137 522 5211 collo-ata
547 5130 705 5210 lucrant.
763 5132 766 5137 ’

114 5247 117 5253 ’
325 5244 415 5315 Tem.
443 5241 484 5312 V.
533 5266 536 5273 ·

1102 3338 1208 3408 quam
1245 3313 1325 3387 dedi
1361 3314 1401 3386 io
1439 3312 1691 3384 Differtatione
1729 3315 1794 3385 Vl.
1828 3318 1870 3384 de

1105 3414 1377 3487 marchionibus.
1419 3412 1603 3487 Nimirum
1646 3413 1681 3482 ie
1719 3410 1869 3480 Ciuitate

1103 3512 1264 3596 Ticinenli
1302 3515 1557 3599 Gundefredus‚
1604 3512 1662 3608 qui
1701 3507 1747 3586 (t
1788 3516 1869 3600 Ago
1954 3597 1958 3602 1

1105 3612 1264 3706 Magister
1288 3619 1441 3685 Monetae
1467 3611 1618 3708 (Melite
1640 3610 1727 3682 delle
1744 3611 1868 3710 Zeeea)

1104 3712 1425 3788 commutationem
1446 3712 1519 3788 init
1535 3740 1612 3788 eum
1626 3713 1780 3804 Jebenne
1793 3719 1868 3785 Ae·

1103 3814 1289 3911 ebiepe'leepe
1314 3815 1393 3911 (ita
1418 3814 1516 3891 enim
1551 3813 1583 3887 is
1618 3812 1686 3887 l'ese
1712 3816 1868 3912 appella-

1104 3916 1190 4015 bat)
1216 3916 1441 4004 Haemum
1458 3935 1545 3992 tuuc
1576 3916 1720 3990 Abbate
1755 3913 1868 3989 etiam

1104 4020 1380 4093 Nonantulano.

1154 4119 1323 4195 oremus
1340 4125 1519 4197 Nummus
1535 4140 1717 4223 argenteus
1728 4118 1765 4194 in
1778 4116 1866 4196 Mu·

1104 4220 1160 4295 seo
1187 4221 1457 4307 Bertaccbinio,
1484 4222 1524 4300 ἃ
1551 4226 1641 4319 opud
1670 4224 1759 4295 alios
1779 4225 1865 4294 Mu·

1103 4322 1223 4403 tinae,
1261 4323 1462 4402 Placentiae
1498 4330 1582 4398 verb
1619 4348 1721 4413 penes
1752 4327 1866 4393 Reve-

1103 4420 1246 4497 rendiss.
1276 4424 1315 4495 Ρ.
1341 4424 1584 4501 Alexandrum
1607 4420 1868 4519 Chiapninium

1111 4524 1284 4598 Abbatem
1330 4526 1592 4603 canonicorum
1639 4524 1868 4622 Regularium

1106 4623 1325 4708 adservatur,
1361 4626 1403 4703 ad
1431 4653 1539 4705 uuum
1567 4654 1610 4701 ex
1638 4626 1750 4700 tribus
1777 4633 1868 4696 one-

1107 4729 1199 4798 nibus
1233 4727 1395 4822 Augustis
1429 4734 1604 4809 nertinet.
1648 4726 1701 4801 lbi
1743 4726 1867 4799 literae

1106 4829 1188 4902 iliae
1198 4830 1384 4929 leguntur:
1399 4832 1544 4904 0Πο
1557 4832 1706 4900 lNl⁰E²
1722 4830 1867 4911 UOR,

1107 4935 1139 5006 δι
1168 4933 1205 5008 in
1233 4927 1352 5010 averse
1375 4948 1476 5033 parte
1495 4931 1760 5008 AvasTvs
1782 4930 1866 5008 PA-

1204 5239 1289 5317 A·
1666 5292 1670 5302 -
1695 5236 1818 5314 uede-
