4214 6014
284 378 366 479 ro
556 356 928 451 nrssmrnrro
968 326 1531 450 vrersrrrasnrrrrm:
1720 388 1804 474 no
1948 436 1952 439 ,
2099 340 2100 343 Ὗ

272 481 419 556 Tertius
444 492 627 580 argenteus
653 504 673 550 a
697 475 921 577 praelaudato
946 478 984 550 P.
1024 486 1070 558 Al
1096 473 1153 553 Ibi
1194 472 1319 555 vihtur
1343 470 1481 567 effagies
1513 471 1632 548 tenui
1663 475 1866 569 venantii,

222 579 433 656 Camerinro
477 581 725 666 adl'ervarus,
747 578 867 653 differt
908 601 984 652 tum

221 683 335 757 fornii
352 708 372 756 a
391 681 549 756 Secundo
572 684 758 767 Nummo,
780 699 857 753 tum
877 682 986 754 etiam

222 784 318 882 quod
347 781 494 883 praefert
524 780 659 881 Insigne
684 780 797 854 Urbis
826 780 864 853 in
893 779 985 860 sum·

196 884 376 972 -mitate,
433 909 559 984 nempe
604 902 674 957 tres
719 884 874 973 Turres,
918 879 988 955 fiee

222 987 457 1060 Domus.
491 1022 496 1055 ι

272 1089 453 1181 Quartum
479 1083 584 1160 irem·
610 1102 812 1184 argenteum
842 1080 988 1180 poffidet

224 1185 320 1264 idem
349 1183 597 1262 Camerinius.
628 1189 680 1258 lbi
700 1185 888 1284 epigraphe
911 1187 987 1256 VR.

125 1282 129 1290 ’
224 1291 492 1376 CAMERlN,
547 1288 584 1359 in
641 1288 758 1359 medio
799 1288 857 1367 A.
905 1282 989 1357 idell

1094 578 1238 654 dexteri
1267 577 1454 650 Vexillum
1485 577 1641 650 tenentis
1668 602 1745 650 cum
1782 579 1865 654 lite·

1095 680 1144 754 ris
1186 682 1381 753 VENAN.
1422 680 1461 768 ln
1505 675 1633 776 pollice
1675 700 1865 755 cernuntur

1096 779 1245 880 insignia
1273 779 1447 853 Familiae
1475 782 1637 852 Varanae
1677 781 1867 863 dominan-

1097 881 1167 971 tis,
1187 883 1221 954 δι
1244 879 1281 953 in
1301 881 1417 954 limbo
1441 882 1766 958 CAMERINEN.
1787 885 1867 957 vll.
1895 878 1900 889 ’

1064 1052 1067 1058 .
1098 981 1182 1058 idest
1206 979 1437 1065 camerinensis
1465 987 1567 1054 liris.

1152 1084 1366 1157 Undecimus
1396 1086 1573 1158 Nummus
1592 1109 1612 1157 e
1632 1081 1760 1159 Museo
1778 1074 1866 1159 Mu·

1099 1182 1247 1258 selliano
1272 1183 1488 1279 descriptus,
1531 1182 1621 1257 hanc
1651 1185 1866 1283 epigraphen

1098 1285 1265 1359 exhibet:
1319 1288 1535 1359 lOANer.
1585 1283 1642 1359 M.
1682 1288 1760 1360 ET.
1803 1288 1865 1359 10.

227 1389 308 1461 Urbs
334 1389 528 1464 Camerina.
567 1385 700 1461 Pollice
740 1385 845 1459 habet
872 1388 988 1460 SAN-
1036 1387 1067 1457 B
1099 1391 1283 1466 mntem,
1310 1389 1426 1466 VAR,
1454 1390 1581 1462 (ΞΛΜ.
1616 1388 1782 1461 videlicet
1799 1392 1868 1476 Jo-

1100 1488 1207 1561 laena
1242 1489 1285 1561 de
1321 1485 1519 1567 Malatellis
1559 1509 1696 1576 mater,
1735 1485 1883 1577 &lei
1925 1512 1930 1519 ⁴
2015 1535 2018 1542 ,

1057 1590 1060 1618 ²
1099 1591 1216 1661 baanes
1243 1593 1358 1660 nuria
1385 1593 1554 1676 Varenus,
1584 1589 1733 1671 Domini
1751 1591 1868 1659 Came·

1101 1690 1185 1761 risi.
1217 1692 1256 1759 ln
1278 1690 1405 1785 pollice
1425 1693 1460 1764 S.
1480 1684 1866 1770 villarumne.

1101 1793 1365 1866 CAMERlno.

226 1493 323 1564 TVS
365 1493 534 1580 VENA,
579 1491 612 1560 δι
656 1489 694 1561 in
735 1513 813 1561 aeea
853 1489 1007 1567 TlVS‚·

224 1587 294 1664 hoc
320 1588 367 1664 est
392 1588 532 1663 sanlius
558 1587 759 1680 Vennonius,
793 1591 884 1663 alter
918 1589 987 1660 Ca·

223 1690 357 1784 ,merini
397 1689 542 1765 sanlius
582 1689 763 1766 tutelaris.
809 1692 989 1786 Tempus,

224 1818 300 1889 quo
350 1792 501 1866 Nummi
554 1789 609 1865 illi
661 1789 756 1865 fuere
804 1787 990 1890 perculsi,

226 1891 381 1992 ignoro.

279 1993 459 2095 Quinflus
500 1990 683 2076 Camerini
719 2017 860 2089 quoque
901 1988 991 2067 exli·

230 2093 342 2178 l'lens,
381 2100 415 2168 δι
445 2119 462 2166 a
490 2093 711 2166 Sancaffanio
737 2093 883 2176 miffus,
910 2091 991 2167 infi-

229 2222 297 2296 gne
341 2198 449 2269 Urbis
475 2195 513 2267 in
540 2221 616 2267 area
644 2194 816 2284 exhibet,
853 2191 993 2269 scilicet

231 2315 302 2370 tres
329 2299 468 2380 Aedes,
508 2293 577 2370 five
613 2298 744 2369 Turres
770 2321 850 2368 curn
878 2293 993 2370 literis
1014 2307 1065 2380 -C

230 2399 277 2470 D.
313 2401 506 2474 CAMER.
553 2422 678 2494 nempe
710 2384 770 2470 'De
802 2389 994 2478 Camerino,

230 2496 295 2571 nifi
322 2495 547 2598 interpretari
574 2500 678 2572 malis
705 2500 861 2572 Dominus
879 2504 994 2569 Came-

225 2599 313 2672 rini.
342 2603 382 2673 ln
410 2597 526 2672 aversa
553 2620 651 2695 parre
678 2603 776 2675 Crux
804 2625 883 2673 tum
919 2599 994 2699 epi·

230 2699 360 2802 grapbe
388 2706 421 2775 S.
450 2703 766 2773 VENANTIVS.

280 2806 433 2888 Sextus,
460 2802 663 2898 Septimus,
689 2803 723 2874 &
751 2799 908 2875 Oliaros
935 2800 996 2874 de-

164 2970 167 2974 ,
233 2902 368 2999 promti
409 2898 505 2976 luere
543 2928 563 2976 e
599 2901 732 2975 schedis
769 2902 997 2974 Blanchinia-

232 3001 316 3084 nis,
354 3007 518 3074 Veronae
558 3002 597 3074 in
624 2999 752 3075 Museo
779 3001 997 3075 Muselliano

1269 1988 1700 2069 COMUM.

1194 2190 1329 2278 omlis
1369 2191 1465 2269 urhis
1507 2199 1685 2271 Nummus
1710 2192 1749 2270 in
1777 2188 1867 2272 Mu·

1220 2292 1277 2368 leo
1318 2295 1568 2372 Bertacchinio
1607 2294 1755 2374 vifitur.
1796 2301 1868 2370 Ar·

1101 2420 1244 2496 gemeus
1269 2395 1345 2472 est.
1384 2402 1422 2470 ln
1461 2399 1579 2472 antica
1605 2396 1760 2497 effigiem
1790 2399 1863 2469 lm·

1102 2518 1270 2593 peraroms
1303 2498 1478 2595 exhibet,
1517 2501 1639 2573 dextra
1687 2497 1863 2597 sceptrum

1101 2601 1257 2673 lihatum
1300 2601 1475 2682 tenentia,
1514 2603 1565 2672 δι’
1590 2595 1864 2692 flammeolum
1985 2688 1989 2699 .

970 2743 975 2763 ι
1103 2700 1183 2771 nalo
1197 2703 1420 2776 admonentis
1442 2728 1518 2774 tum
1540 2700 1728 2800 epigraphe
1746 2702 1867 2779 ulla-

1104 2804 1314 2876 ossklcvs
1344 2797 1545 2876 inerter.
1573 2800 1657 2874 idest
1683 2803 1891 2876 fridericus.

1104 2910 1292 2991 imperator.
1322 2908 1459 2979 Pramus
1478 2929 1550 2992 ne,
1589 2929 1632 2979 an
1649 2903 1868 2994 Secundus,

1105 3002 1577 3100 Novocomensesedrcant.
1618 3007 1695 3104 Ego
1731 3003 1769 3079 in
1806 3007 1868 3082 Se·

230 3102 447 3177 adservatis.
478 3106 600 3176 Parum
624 3102 796 3175 ablimiles
821 3106 997 3196 aQuarto
1103 3103 1252 3177 cundum
1294 3104 1465 3200 opinione
1519 3104 1681 3178 inclino.
1733 3101 1867 3178 Pollice

233 3207 393 3279 Nummo
409 3203 515 3294 sunt,
537 3204 631 3277 inter
654 3202 820 3278 letamen
846 3201 996 3279 diverli.
1036 3190 1069 3263 D
1103 3203 1208 3278 habet
1234 3204 1407 3299 Aquilam
1433 3202 1630 3303 (litamen
1655 3205 1788 3304 Aquila
1808 3204 1866 3277 di·

238 3340 242 3348 ·
281 3310 411 3379 Nonus
438 3333 555 3379 aereus
582 3305 673 3403 apud
701 3333 781 3386 me,
820 3332 860 3378 ac
887 3304 1000 3380 etiam

228 3400 418 3478 Camerini
446 3407 670 3487 adl'ervatus,
704 3405 857 3503 effigiem
885 3403 990 3475 ossen-

228 3503 286 3575 elit
308 3504 484 3595 Principis
505 3531 583 3576 cum
605 3504 793 3600 epigraphe
818 3508 877 3575 lO.
899 3506 997 3575 ΜΑ-

231 3607 321 3678 Rtn
365 3607 610 3675 VARANVS
650 3605 908 3677 enitemur
953 3604 997 3672 D.

234 3701 319 3779 idest
335 3710 502 3795 labatem
529 3702 644 3776 Maria
671 3704 818 3772 Varenus
835 3699 999 3772 Camerini

233 3811 333 3887 Dua,
360 3804 429 3878 sive
456 3805 631 3876 Dominus.
660 3804 731 3873 Diu
758 3802 795 3874 in
820 3803 914 3874 Urbe
934 3800 998 3874 illa

145 3987 151 3996 ,
220 3906 413 3981 dominata
443 3907 489 3977 ell
519 3900 786 3986 praeclarillima
814 3928 897 4002 gens
925 3906 997 3974 Va·

229 4035 337 4084 rana.
363 4007 537 4094 Johannes
566 4023 681 4078 aurem
711 4004 827 4078 Maria
853 4007 998 4077 cadente

1103 3306 1210 3377 cenda
1250 3304 1326 3400 est)
1374 3308 1574 3407 margaritis
1619 3329 1679 3382 aut
1716 3303 1867 3406 gemmis

1092 3427 1285 3486 ornatam,
1312 3433 1391 3480 enm
1421 3408 1536 3481 literis
1564 3409 1600 3479 in
1625 3409 1776 3481 circuitu
1796 3410 1869 3480 Cl-

1105 3508 1255 3577 vtTns
1282 3509 1533 3577 CVMANA:
1572 3507 1622 3580 ita
1649 3508 1744 3576 enim
1774 3525 1868 3579 tem·

1103 3605 1245 3701 poribus
1272 3602 1318 3674 iis
1343 3605 1534 3676 Comenles
1561 3605 1658 3678 suum
1687 3628 1766 3694 cum
1789 3601 1867 3680 Ur·

1100 3705 1145 3780 be
1190 3706 1351 3777 Cumana
1395 3728 1526 3778 nomen
1575 3703 1866 3784 confundebant.

1100 3805 1208 3898 Quod
1235 3829 1345 3901 quum
1373 3805 1524 3881 minime
1563 3806 1866 3883 animadvertisset

1100 3905 1244 3979 Clariis.
1273 3905 1422 4004 Pagius,
1458 3905 1641 3981 immerito
1677 3908 1865 4008 Sigonium

1102 4031 1218 4079 meum
1247 4008 1385 4100 arguit,
1412 4006 1466 4080 uti
1492 4007 1626 4087 ostendi
1649 4011 1726 4086 Par.
1738 4011 1764 4087 l.
1775 4015 1864 4112 Cap.

228 4111 357 4185 Seculo
386 4105 517 4180 Christi
557 4103 806 4178 Decimolerto
831 4103 997 4178 mutsti-
1023 4081 1063 4160 Ἐ
1104 4111 1183 4180 xv.
1215 4107 1434 4205 Antiquitnt.
1458 4106 1671 4185 iliensium.

223 4217 350 4286 tulum
379 4207 553 4307 arripuit.
591 4209 627 4277 ln
656 4207 765 4278 altera
793 4224 888 4299 parte
916 4202 998 4277 infi-

231 4340 304 4415 gne
328 4309 479 4410 ejusdem
511 4306 710 4392 Familiae,
753 4329 831 4378 cum
860 4307 998 4399 epigra-

235 4420 303 4512 phe
350 4413 621 4486 DlSTlNGVE
668 4409 733 4479 ET
771 4408 997 4479 CONCOR-

232 4516 406 4590 oneo.
449 4515 552 4588 Alios
589 4506 740 4609 ejusdem
793 4506 996 4603 Principis,

235 4642 276 4687 ac
303 4614 416 4704 Juliae
444 4617 541 4688 illius
567 4610 664 4686 filiae
692 4612 867 4683 Nummos
902 4604 997 4682 milit

237 4714 497 4801 Sancalianius,
526 4738 619 4811 quos
659 4706 844 4788 breuitatis
877 4733 997 4782 amore

237 4820 504 4918 praetermitto.
925 4856 926 4861 κ

290 4923 489 4991 Decimum·
517 4920 709 4993 Nummum
748 4913 790 4987 ad
818 4939 874 4988 me
901 4907 997 4989 miht

237 5022 328 5097 elini
354 5021 535 5098 liubertus
561 5014 837 5118 Benvoglientus
864 5017 910 5087 V.
935 5013 996 5087 cl.

1154 4208 1320 4283 Alterum
1331 4230 1533 4308 argenteum
1548 4215 1742 4285 Nummum
1756 4261 1767 4294 ,
1779 4210 1867 4287 Mu·

1101 4305 1199 4380 tinae
1240 4309 1316 4381 vidi
1344 4311 1448 4404 ,apud
1487 4311 1682 4398 Johannem
1723 4316 1866 4392 zanno-

1103 4407 1226 4480 nium.
1254 4405 1308 4479 lbi
1336 4410 1454 4483 eadem
1483 4410 1624 4487 antica.
1652 4417 1705 4484 At
1730 4415 1770 4485 in
1800 4439 1865 4510 pn·

1102 4508 1185 4581 ilica
1216 4507 1339 4582 dillert
1378 4511 1535 4608 Aquilae
1560 4509 1700 4608 forma,
1739 4512 1864 4611 ibique

1102 4609 1274 4682 duntaxat
1314 4611 1445 4711 legitur
1470 4615 1745 4704 CVMANVS,
1780 4612 1866 4689 ineu

1104 4713 1277 4808 Populus.
1303 4714 1397 4789 Vide
1422 4713 1462 4787 in
1488 4717 1603 4790 Tom.
1622 4723 1666 4792 V.
1690 4721 1769 4791 Rer.
1792 4722 1863 4792 lta·

1102 4812 1200 4887 licar.
1243 4815 1370 4887 Pnema
1418 4815 1463 4888 de
1501 4818 1644 4899 excidio
1666 4819 1866 4897 ›Comenlis

1102 4913 1300 5001 Civitatis,
1327 4914 1385 4992 eui
1410 4915 1539 4994 titulus
1564 4927 1751 4997 cumam.
1842 4990 1845 4997 .
1991 4945 1996 4954 ·

1144 5119 1304 5194 an
1717 5128 1812 5204 Tee-
