4214 6014
230 349 313 433 2¹9

167 435 440 536 Principatum'‚
460 441 561 516 ‘vires
588 440 631 515 ad
658 469 751 516 nova
779 443 934 518 molien-

165 536 222 607 da
236 541 443 634 potentibus
471 543 624 618 Civibus
651 544 848 644 eripiendas
868 546 932 619 du·

162 659 317 716 xerunt.
346 648 456 718 Anno
484 650 759 722 meneviae
785 675 829 722 ex
853 652 931 722 An·

164 739 305 815 nasibus
331 746 570 822 Genuenfibus
597 751 681 824 Lib.
703 774 737 845 3.
763 750 931 842 habetur,

163 841 286 918 Tomo
306 849 370 921 Vl.
394 853 472 923 Rer.
496 851 650 925 Italicas.
675 852 815 928 Drudus
830 851 932 926 Mar·

163 943 315 1022 cellinus
354 951 589 1028 Genuenlium
633 955 785 1028 Potestas
820 956 931 1052 super-

157 1042 311 1139 fluitates
350 1056 525 1144 Tertium,
570 1084 649 1154 quas
672 1080 729 1152 pre
754 1060 840 1128 velle
875 1060 933 1149 suo

164 1148 296 1243 quidam
337 1159 436 1226 Cives
460 1181 568 1231 eontra
592 1159 715 1230 licitum
749 1159 797 1238 &¹
823 1160 933 1247 consii-

164 1252 318 1324 tutionem
338 1261 586 1333 Communitatis
603 1261 855 1349 construxerant,
878 1268 934 1334 de·

495 321 946 442 Ansrousr.
994 315 1258 414 nnnrr
1303 313 1497 406 nnus

1679 343 1765 406 220

973 451 1006 523 A
1050 437 1228 536 jugulatae
1269 462 1310 510 ac
1350 435 1559 533 depressae,
1611 458 1683 506 non
1729 435 1824 507 ultra

1047 539 1307 639 quinquaginta
1335 539 1475 612 cubitos
1503 535 1684 610 ascendere
1718 536 1826 635 jussae

1049 640 1150 715 sunt.
1188 647 1234 714 Et
1273 639 1430 740 proseslb
1466 661 1638 735 quantum
1677 638 1752 724 spei
1781 637 1822 710 in

1033 742 1218 837 ='l'urrium
1249 742 1417 844 praefidio
1444 760 1602 840 ternpore
1630 741 1716 813 belli
1745 743 1824 814 col-

1046 848 1249 929 locaretur,
1290 872 1335 919 ex
1377 871 1421 918 eo
1463 844 1671 943 intelligas,
1720 842 1819 941 quod

1047 977 1115 1024 una
1143 949 1269 1024 Turris
1297 976 1361 1043 pro
1389 950 1483 1020 Arce
1511 947 1731 1043 habebatur3
1773 945 1814 1020 ἃ

1046 1051 1339 1149 quotiescumque
1385 1050 1556 1138 annoni,
1609 1047 1817 1138 militibus,

1047 1154 1223 1251 armisque
1264 1154 1404 1227 munita
1446 1153 1531 1224 haec
1573 1149 1655 1223 satis
1698 1146 1816 1231 soret,

1045 1254 1106 1329 diu
1135 1255 1326 1338 resiliebat,
1372 1271 1479 1351 atque
1516 1252 1817 1350 impedimentum

166 1354 424 1436 meliri,c'9·ad
440 1385 555 1433 eertum
575 1366 699 1436 modum
717 1369 831 1461 pedum
850 1362 934 1434 oflo-
977 1373 1005 1444 Β
1044 1384 1115 1430 non
1151 1358 1230 1431 leve
1258 1355 1412 1430 hostibus
1453 1353 1655 1428 adferebat.
1701 1350 1821 1427 Pluri-

163 1454 263 1549 gintn
298 1459 403 1556 redigi
432 1463 529 1553 serit.
573 1465 628 1540 Ita
668 1470 779 1542 Anno
806 1469 934 1541 MCC·

169 1557 285 1629 XXV.
301 1562 441 1649 Poteslas
466 1567 621 1639 Mutinae
642 1569 719 1657 serit
743 1569 832 1639 dirui
851 1573 936 1637 Tur·

169 1682 217 1727 res
252 1658 286 1728 in
322 1665 470 1737 Ciuitate
504 1670 679 1754 Mutinae,
713 1687 754 1740 ut
789 1668 937 1740 habetur

167 1755 206 1831 iu
235 1762 407 1837 Annalib.
430 1771 549 1840 Veter.
572 1768 674 1866 hujus
695 1768 831 1857 Urbis,
859 1772 935 1842 To-

169 1883 230 1932 mo
273 1866 334 1936 Xl.
377 1870 457 1939 Res.
493 1870 696 1944 Italicarum
734 1870 935 1970 evulgatis.
976 1951 983 1965 ,

168 1964 296 2060 Neque
336 1963 431 2040 secus
472 1969 511 2042 in
550 1970 652 2045 Urbe
687 1971 835 2048 Luceust
864 1976 935 2046 Ca·

167 2061 335 2138 struccius
378 2071 461 2144 Dux
487 2094 640 2144 trecentas
677 2082 821 2166 Turres,
861 2077 935 2149 Tc·

168 2163 286 2264 grimo
314 2167 396 2244 reste
422 2171 460 2245 in
488 2173 561 2271 ejus
583 2176 690 2259 Vitd,
718 2176 934 2275 reliquarum

1014 1460 1111 1533 'mis
1139 1459 1175 1533 in
1204 1457 1293 1532 loris
1320 1483 1442 1531 eorum
1471 1477 1671 1548 temporum
1697 1453 1819 1529 Hillo·

1043 1561 1095 1635 ria
1142 1560 1284 1661 prodit,
1337 1587 1409 1632 non
1454 1585 1581 1657 paucos
1621 1560 1711 1632 olim
1741 1557 1818 1632 dies

1042 1660 1216 1737 iusum-tos
1264 1662 1364 1737 fuisse
1412 1664 1455 1735 ab
1505 1661 1720 1735 exercitibus
1775 1658 1820 1734 ad

1044 1792 1149 1839 unam
1170 1766 1316 1840 Turrim
1338 1766 1629 1864 expugnandam.
1658 1768 1714 1835 Ac
1735 1785 1819 1862 prod

1044 1887 1161 1964 pterea
1190 1868 1389 1942 mirandum
1422 1892 1490 1939 non
1520 1865 1588 1953 esi,
1617 1865 1733 1937 fitam
1764 1863 1822 1936 so·

1044 1969 1146 2043 liita
1175 1972 1300 2042 Seculo
1330 1974 1411 2041 llll.
1441 1964 1653 2042 Mutinensis
1687 1963 1821 2060 Respu-

1045 2072 1138 2145 blica
1167 2071 1297 2153 suerit,
1335 2093 1374 2144 ut
1403 2099 1495 2144 nova
1524 2070 1651 2142 Turris
1679 2066 1820 2141 excita·

1044 2193 1141 2247 retur
1167 2173 1205 2248 in
1233 2175 1356 2248 Caslro
1386 2173 1532 2247 Badiani
1573 2172 1697 2265 (nunc
1723 2176 1820 2262 Baz-

169 2267 310 2342 aediur'n
338 2271 444 2346 tellis
484 2278 671 2373 aequavit.
713 2278 790 2375 Ipse
825 2280 936 2352 etiam
972 2277 1017 2367 C,
1045 2277 1157 2372 zano)
1198 2276 1293 2373 quod
1336 2276 1373 2348 in
1416 2303 1499 2375 agro
1543 2272 1737 2346 Mutinenst
1775 2271 1822 2344 ab

170 2369 343 2444 Tuccium
379 2372 502 2470 sponte
539 2379 717 2452 ruentium
754 2382 869 2453 sacilis
897 2407 937 2454 ac

171 2467 305 2545 summe
342 2476 558 2571 perniciosus
594 2480 761 2554 interitus
800 2481 935 2555 Princi-

170 2597 230 2666 pes
257 2570 435 2651 interdum
475 2601 535 2653 aut
563 2580 791 2682 Magistratus
821 2584 937 2676 impu-

172 2675 218 2747 lit
246 2677 288 2748 ad
316 2677 470 2772 reliquas
507 2682 618 2756 adhue
647 2685 771 2757 stantes
800 2685 938 2757 exscin-

171 2774 326 2848 dendas.
378 2782 511 2853 Turres
557 2808 699 2878 quoque
748 2784 937 2857 Nobilium

154 2876 491 2967 florentinorum,
520 2900 560 2954 ut
587 2881 707 2957 scribit
737 2884 836 2964 supra
864 2889 947 2974 lau-4

171 2976 272 3052 dutus
303 2982 520 3057 Ricordanus
551 3011 659 3082 quum
695 2990 848 3082 Populus
875 2987 940 3059 do-

174 3077 411 3158 minationem
432 3088 605 3186 arripuit,
633 3091 779 3188 publico
798 3094 941 3165 decreto

1045 2378 1204 2474 antiquis
1232 2378 1367 2450 Seculis
1396 2375 1496 2449 strum
1527 2374 1620 2465 suit,
1657 2374 1713 2447 sed
1754 2370 1825 2445 ser-

1047 2498 1153 2552 vente
1191 2479 1303 2578 poslea
1346 2481 1441 2551 bello
1477 2499 1664 2575 ereptum,
1707 2475 1823 2551 adhuc

1047 2579 1108 2652 sub
1136 2583 1211 2676 jure
1240 2580 1469 2655 Bononienfis
1491 2580 1722 2675 Reipublicae
1744 2605 1825 2673 per·
1915 2666 1918 2671 .

1050 2680 1208 2753 severat.
1235 2683 1405 2754 Chartam
1435 2709 1478 2754 ex
1511 2678 1672 2752 Archino
1699 2677 1824 2750 Muti-

1050 2779 1160 2855 nensis
1190 2783 1297 2855 Urbis
1325 2782 1534 2881 descriptam
1564 2784 1678 2880 legere
1706 2777 1824 2852 nemi·

1050 2910 1158 2972 nem,
1197 2902 1236 2958 ut
1263 2884 1386 2977 spero,
1429 2884 1589 2985 pigebit,
1616 2909 1685 2979 qua
1714 2879 1825 2979 polli-

1050 2986 1116 3059 citi
1145 2988 1224 3061 sunt
1252 2986 1486 3062 Badianenses
1523 2986 1558 3062 se
1598 2985 1748 3061 Turrim
1774 2984 1824 3059 il·

1049 3091 1123 3160 lam
1151 3087 1427 3163 construSluros.
1512 3098 1514 3103 ’

324 3334 513 3454 Qualiter
543 3339 726 3429 homines
757 3343 805 3428 de
837 3349 996 3430 Bazano
1028 3341 1158 3454 juram
1197 3339 1323 3428 lacere
1354 3370 1475 3432 unam
1507 3337 1675 3430 Turrim

535 3479 538 3483 ’
637 3461 680 3548 in
712 3465 851 3552 Callro
881 3464 1053 3575 Bazani,
1085 3469 1208 3550 Anno
1246 3474 1370 3550 1180.

252 3696 300 3762 Go
334 3688 405 3779 ium
437 3697 541 3785 satete
574 3697 622 3776 &¹
657 3699 801 3795 perficere
835 3730 942 3778 unam
983 3705 1019 3776 D
1051 3701 1231 3788 strudinis,
1261 3700 1452 3772 altitudinis
1479 3716 1526 3776 ω’
1552 3693 1762 3785 latitudinis,
1787 3709 1828 3767 sn
1921 3729 1922 3732 ¹

278 3797 424 3871 Turrim
454 3798 492 3871 in
520 3797 647 3876 Castro
677 3805 853 3887 Badiani,
880 3807 943 3879 ubi

171 3897 324 3972 Potestas
352 3900 546 3992 Mutinae,
588 3905 768 3976 Dominus
805 3906 942 3978 scilicet

171 4000 346 4071 Gerardus
377 4005 588 4096 Rangonus‚
616 4002 655 4072 δε
681 4001 857 4073 Consules
879 4031 943 4073 vo-

171 4095 307 4173 luerint
347 4123 410 4193 pro
448 4098 554 4172 modo
594 4102 629 4171 ee
672 4097 864 4173 latitudine
901 4100 941 4177 δι

171 4195 397 4274 crassitudine
417 4201 544 4273 Turris
566 4200 782 4276 Pallavanr'ii
805 4202 847 4274 de
867 4199 940 4279 Ca·

171 4304 343 4389 randulo,
381 4303 439 4377 vel
477 4303 735 4380 crassiorem&
775 4306 939 4382 latiorem

171 4402 230 4480 seu
267 4405 374 4479 etiam
418 4406 615 4484 breviorem
655 4436 718 4506 pro
756 4411 942 4487 voluntate

172 4507 358 4586 Potestatis
386 4511 420 4583 dc
451 4506 651 4587 Consulum
692 4509 885 4596 Mutinae,
921 4512 969 4587 al

1054 3805 1152 3891 supra
1192 3803 1334 3891 legitur.
1369 3806 1409 3872 si
1447 3807 1534 3870 Deus
1570 3798 1713 3889 adjuvat
1753 3824 1827 3879 me,

1058 3905 1100 3971 (9
1127 3898 1239 3985 sanila
1269 3902 1331 3968 Dei
1365 3901 1581 3996 Evangelia.
1622 3906 1689 3970 Hoc
1719 3901 1830 3989 sacra·

1058 4023 1196 4069 mentum
1218 3998 1358 4086 secerunt
1386 4006 1592 4094 Pegolotrus,
1633 4003 1829 4094 Maturius,

1058 4109 1099 4171 θ
1128 4103 1287 4171 Corvulur
1314 4104 1466 4192 Consules
1484 4112 1524 4176 de
1544 4109 1716 4188 Badium,
1744 4111 1829 4178 Ber·

1060 4207 1177 4274 nardus
1206 4204 1347 4274 Ribuldi
1375 4207 1447 4286 &n

1108 4303 1233 4379 A‘lum
1262 4311 1294 4374 in
1323 4311 1432 4385 Casiro
1463 4309 1609 4380 Badinni
1634 4315 1737 4379 Anno
1759 4310 1830 4377 Dc·

1058 4411 1140 4479 mini
1183 4416 1389 4482 MCLXXX.
1430 4409 1604 4482 lnnstls'one
1647 4412 1742 4479 Xsll.
1784 4416 1831 4481 0-

1058 4509 1154 4584 diaoo
1174 4512 1219 4588 &
1247 4515 1389 4602 Septimo
1416 4512 1581 4582 Kalendas
1610 4510 1831 4606 Septembris,

170 4615 335 4692 Kalendis
348 4615 509 4706 januarii
534 4617 671 4706 proximi
689 4616 783 4710 usqne
802 4623 846 4689 nd
865 4621 943 4689 dues
986 4613 1017 4681 E
1058 4616 1110 4684 die
1143 4622 1229 4686 Lune
1257 4617 1299 4680 Θ
1325 4616 1378 4683 die
1414 4615 1560 4696 Martis,
1598 4613 1631 4683 in
1671 4616 1848 4709 presentia.

170 4745 270 4792 nenos
295 4719 452 4810 expletos.
481 4723 529 4790 Et
554 4721 655 4793 aliam
687 4722 817 4790 Turrim
850 4720 970 4821 simi-3

171 4820 232 4888 lem
259 4826 293 4893 in
319 4826 423 4894 eodem
449 4827 584 4906 Caslro,
621 4823 677 4895 ubi
715 4825 867 4901 Consules
894 4822 972 4917 &s

173 4922 320 4996 Refimes
369 4927 523 4998 Mutinae
562 4928 725 4998 voluerint
766 4929 857 4994 illinc
896 4931 942 4997 ad
969 4947 973 4985 ¹

173 5042 307 5119 quatuor
331 5055 430 5102 annes
455 5029 612 5125 expletos,
632 5024 839 5125 supradislae
857 5029 941 5120 eras·
968 5002 974 5098 i

1030 4784 1032 4791 .
1061 4720 1192 4789 Domrnr'
1217 4723 1270 4787 Al
1283 4713 1355 4783 'uni
1381 4719 1420 4784 de
1446 4718 1658 4815 Peldeguerrn
1681 4719 1828 4811 Consulis

1061 4817 1193 4890 Msstine
1213 4868 1223 4900 ,
1260 4818 1315 4909 qui
1350 4850 1371 4890 a
1401 4818 1599 4911 supradidlis
1636 4827 1827 4904 Consulibus

1060 4927 1099 4994 de
1130 4926 1276 4993 Badiano
1312 4947 1422 5006 pettam
1457 4927 1674 5021 quadraginta
1707 4929 1827 4997 Libra-

1062 5054 1132 5101 rum
1157 5027 1374 5130 lnsperialinm
1395 5054 1455 5128 prs
1479 5033 1646 5104 communi
1671 5030 1828 5100 Mutinae

1665 5127 1772 5226 nup..
