4214 6014
1045 208 1054 249 i

361 391 442 470 319
653 353 1062 472 ANTJQHT.
1109 352 1348 444 MEDII
1399 353 1583 443 ΑΕΗ
1799 388 1883 475 320

297 474 437 548 tinucre
464 473 522 546 Au
550 470 614 546 ulli
650 471 689 546 in
718 473 814 546 Urbe
850 475 863 547 i
900 473 948 547 'a.
985 475 1061 550 Lu·
1094 519 1096 524 π

296 601 374 675 cem
415 572 494 650 heic
526 496 637 648 ischis
679 575 821 674 praebet
856 479 1059 670 diicmplum
1103 483 1140 554 Α
1174 528 1320 600 ROMA
1334 527 1400 640 ΕΤ
1413 527 1942 651 κοΜΑΝῙΡΟΝΪἮΕξς·

294 671 497 754 Grimoaldi
553 676 730 779 Principis
783 679 1060 753 Beneventani.

295 779 542 881 Principatum
570 778 674 854 illum
712 779 768 854 seu
797 785 974 855 Ducatum
1004 781 1061 855 in-

294 880 425 984 iignem
448 881 603 958 Carolus
631 885 784 984 Magnus
804 883 919 958 eidem
948 882 1061 980 subje-

294 1003 416 1076 cerat,
454 984 508 1058 led
546 983 681 1058 intacta
722 985 854 1059 summi
893 985 1061 1087 potellate

276 1087 427 1188 *Regis
467 1091 523 1161 Ne
560 1088 602 1160 de
638 1087 699 1161 ista
729 1093 883 1190 Populus
920 1088 1061 1163 dubita·

293 1209 370 1272 ret,
409 1188 512 1289 padio
549 1189 797 1266 Grimoaldurn
837 1167 990 1292 adigit,
1026 1212 1090 1274 ur¹
1175 1211 1375 1289 protome‚
1416 1218 1496 1266 cum
1538 1193 1656 1266 literis
1711 1191 1749 1271 in
1790 1191 1940 1266 limbo:

293 1294 454 1373 charras,
491 1293 700 1390 Nummosqne
730 1295 785 1386 sui
819 1294 994 1377 Nominis,
1030 1291 1063 1366 i·
1174 1296 1479 1368 HADRIANVS
1502 1295 1659 1375 ΡΑΡΑ.
1689 1294 1869 1392 Utrinque
1896 1294 1944 1368 est

294 1392 365 1468 dest
405 1391 564 1476 Caroli,
606 1394 838 1470 chararieribus
867 1395 1063 1488 'superscribi
1113 1397 1142 1470 B
1175 1397 1200 1466 l.
1230 1397 1269 1467 Β.
1312 1401 1352 1466 ln
1394 1394 1533 1471 aversae
1575 1395 1693 1469 medio
1734 1398 1864 1479 Crux,
1906 1398 1944 1470 δι

1251 680 1395 753 Rimum
1418 677 1649 754 Pontificium
1667 680 1861 756 Denarium
1880 681 1942 758 de·

1275 786 1395 854 bemus
1439 783 1663 880 praelaudato
1702 783 1942 861 eruditiffimo

1173 910 1253 957 vrro
1292 882 1429 958 Abbati
1471 884 1668 960 Benedidlo
1706 888 1942 963 Florauonti.

1175 988 1208 1058 Is
1249 985 1329 1059 lane
1377 1012 1544 1086 perquam
1587 1013 1710 1068 rarus,
1753 990 1945 1089 magnique

1174 1087 1371 1163 habendus.
1400 1092 1441 1162 In
1462 1088 1581 1163 antica
1602 1087 1726 1163 vifitur
1754 1088 1943 1165 Pontificis

287 1496 411 1593 semper
433 1496 582 1591 juberer.
620 1497 821 1574 Grimoaldl
862 1504 1061 1576 Nummum

291 1598 346 1673 ita
387 1597 560 1700 srgnatum
602 1600 694 1675 infra
736 1601 921 1675 adferam.
963 1600 1060 1673 Idem

293 1727 436 1800 quoque
467 1708 600 1775 Romae
636 1705 673 1775 nc
709 1704 746 1774 in
784 1701 932 1776 Chartis
959 1704 993 1774 δι
1022 1702 1062 1775 io

294 1802 467 1878 Nummis
488 1801 640 1877 fadlum.
661 1805 822 1878 Multum
844 1823 962 1878 autem
984 1829 1062 1918 gra-

293 1904 368 1977 tiae
408 1903 472 1979 irbi
512 1904 725 1981 conciliavit
765 1905 857 2004 apud
894 1904 1064 1980 Erudrtos

295 2011 448 2097 Joannes
489 2006 684 2107 Vignolius
730 2008 820 2081 olim
868 2007 1065 2081 Vaticanae

298 2108 546 2183 Bibliothecae
573 2110 697 2183 Custos
725 2111 840 2186 Libro
866 2111 966 2186 edito
991 2115 1065 2184 Ro·

296 2237 377 2286 mae
404 2214 515 2286 Anno
542 2216 755 2289 MDCClll.
792 2212 830 2288 in
867 2239 972 2312 quem
1009 2213 1066 2287 in-

1172 1494 1256 1568 hinc
1284 1494 1366 1568 inde
1395 1501 1437 1590 R.
1469 1501 1520 1569 M.
1549 1495 1789 1572 Circumstant
1816 1499 1945 1573 literae

1172 1594 1424 1672 VICTORlA
1444 1603 1567 1674 DNN.
1585 1598 1736 1675 inferius
1754 1594 1945 1676 CONOB.

1172 1701 1282 1774 Nulla
1311 1700 1402 1774 mihi
1429 1701 1611 1775 dubitatio
1646 1701 1715 1791 est,
1752 1701 1841 1801 quio
1869 1706 1945 1775 Ro-

1170 1829 1248 1877 mae
1277 1803 1448 1902 percussus
1477 1801 1583 1877 fuerit
1613 1806 1793 1879 Nummus
1818 1803 1862 1878 ab
1882 1830 1945 1877 eo·

1169 1905 1249 1978 dem
1280 1909 1395 2004 Papa,
1423 1906 1486 2004 qui
1516 1910 1626 1981 Anno
1653 1902 1790 1981 Christi
1820 1906 1943 1981 DCC·
2053 1929 2055 1933 ’

1171 2010 1324 2082 Lxxrl.
1359 2008 1576 2083 Cathedram
1621 2009 1718 2083 Petri
1759 1996 1946 2082 ascendit.

1171 2109 1211 2182 Id
1239 2108 1401 2184 indicant
1427 2111 1552 2184 literae
1581 2116 1624 2186 R.
1661 2115 1715 2185 Μ.
1754 2108 1838 2184 idest
1874 2118 1946 2182 Ro-

1171 2240 1258 2285 mae.
1295 2217 1355 2303 Jus
1382 2212 1559 2288 cudendae
1586 2211 1760 2288 Monetae
1787 2212 1856 2310 jam
1885 2236 1947 2285 ac·

295 2315 386 2388 tulit
412 2334 593 2415 quotquot
621 2315 740 2416 potuit
766 2317 961 2414 antiquiores
981 2322 1066 2388 Pon·
1105 2313 1141 2391 C
1171 2314 1297 2412 cepisse
1325 2315 1492 2392 videntur
1520 2315 1673 2391 Romani
1702 2312 1895 2388 Pontifices
1922 2340 1945 2389 a

1169 2414 1314 2491 Graecis
1343 2418 1648 2520 imperatoribus,
1684 2416 1737 2492 uti
1768 2415 1945 2490 deindea

1171 2520 1316 2594 Francis
1336 2537 1393 2594 tot
1414 2521 1582 2619 Episcopi
1605 2521 1863 2618 impetrarunt.
1879 2515 1947 2591 Sed

1169 2621 1250 2717 quis
1277 2620 1389 2694 adhuc
1418 2624 1526 2714 Urbis
1549 2623 1725 2694 Dominus
1746 2621 1860 2708 foret,
1886 2618 1948 2691 in-

1169 2721 1308 2791 dicatur
1336 2747 1396 2817 per
1422 2719 1522 2819 figlas
1550 2720 1631 2794 illas
1654 2723 1780 2795 DNN.
1809 2716 1944 2819 fignifi-

258 2496 261 2503 ¹
294 2415 418 2508 tifieum
447 2426 662 2490 Romanorum
690 2420 871 2493 Denarios.
908 2417 1067 2516 Aliquot

295 2520 406 2593 etiam
432 2512 656 2595 Le-Bl'ancus
674 2521 814 2593 dederat
836 2526 969 2594 Romae
990 2546 1067 2620 per·

296 2622 409 2696 culios
437 2624 474 2697 in
503 2623 675 2697 Trailatu
701 2626 741 2694 de
767 2624 916 2694 Nummis
941 2631 1067 2718 Regum

298 2728 529 2796 Francorum.
573 2724 738 2818 Collegit
780 2723 922 2818 insuper
959 2742 1065 2815 atque

297 2823 513 2909 illustrauit,
551 2840 730 2920 quotquot
757 2822 900 2918 potuit,
940 2819 1064 2893 Ponti-

297 2921 399 2995 ficios
429 2927 605 2997 Nummos
633 2951 651 2995 a
680 2920 844 2996 Martino
865 2928 909 2994 V.
937 2920 978 2994 ad
1007 2919 1066 2995 sua

297 3023 405 3123 usque
431 3043 591 3123 tempora
622 3029 658 3099 Ρ.
687 3024 873 3124 Philippus
901 3023 1064 3098 Bonanni

297 3128 522 3201 eSocietate
558 3127 656 3214 Jesu.
693 3131 789 3199 Tum
819 3147 900 3200 ante
937 3153 1064 3224 paucos

299 3351 421 3404 mente
449 3334 494 3401 V.
521 3330 564 3402 ad
592 3328 740 3402 nostram
778 3327 884 3427 usque
912 3346 1063 3402 oetatem

298 3431 717 3533 perduxit.·Novillrme
737 3438 820 3506 verb
847 3429 1065 3506 doiiiffimus

154 3557 166 3564 ’“
297 3537 356 3608 uir
384 3535 595 3610 Benedidlus
624 3537 744 3610 Abbas
772 3538 1001 3608 Florarantes
1022 3532 1064 3606 od

298 3641 477 3714 Nummos
518 3639 684 3739 Vignolii
726 3634 863 3712 recusos
904 3637 1061 3710 nobilem

297 3739 525 3814 occeffionem
554 3740 660 3822 fecit,
688 3743 722 3814 &
751 3739 967 3815 Pontificum
992 3745 1065 3812 Ro·

298 3864 484 3917 manorum
514 3843 739 3918 Numilmata
777 3846 930 3942 protulit
957 3840 1065 3938 usque

1169 2837 1288 2894 cantes
1315 2841 1377 2895 aut
1405 2824 1538 2894 Domini
1565 2823 1695 2914 Nollrr',
1732 2843 1793 2896 aut
1834 2820 1946 2892 Domi-

1169 2949 1277 2995 norum
1298 2924 1504 3012 Nostrorum,
1532 2923 1672 3001 scilicet
1692 2924 1943 3026 Imperatoris.

1169 3025 1269 3118 Quid
1297 3025 1470 3125 significet
1500 3033 1525 3100 l.
1563 3031 1602 3100 B.
1642 3027 1724 3102 aliis
1760 3026 1945 3125 disputan·

1169 3129 1252 3198 dum
1294 3129 1490 3223 relinquo.
1533 3128 1788 3227 Digladiantur
1829 3128 1945 3201 adhuc

145 3257 151 3270 ‘
297 3254 408 3300 annos
438 3227 608 3300 Xarerius
636 3226 744 3300 Scilla
772 3226 908 3300 eosdem
937 3223 1065 3299 aCle-
1108 3224 1141 3292 D
1170 3225 1312 3300 Eruditi
1341 3226 1378 3299 in
1400 3229 1615 3324 explicando
1641 3231 1836 3302 CONOB.
1867 3248 1945 3302 tam

1169 3327 1369 3426 frequenter
1394 3349 1601 3404 occurrente
1629 3329 1666 3405 in
1693 3355 1814 3404 eorum
1849 3348 1945 3402 tem-

1170 3457 1293 3530 porum
1325 3435 1514 3507 Nummis.
1545 3436 1605 3506 Ab
1632 3431 1834 3528 hujusmodi
1863 3457 1940 3506 cer·
1980 3499 1985 3504 .

1170 3533 1305 3608 tamine
1330 3560 1396 3634 ego
1424 3536 1587 3609 lubenter
1609 3537 1791 3609 abstineo.

1221 3637 1370 3712 Secundi
1395 3635 1540 3712 Denarii
1560 3637 1713 3735 eiiypon
1735 3637 1822 3711 adeo
1843 3661 1942 3709 man·

1171 3766 1250 3813 cum
1279 3741 1351 3828 est,
1378 3759 1418 3813 ut
1445 3741 1488 3813 ad
1516 3766 1622 3839 quem
1651 3739 1805 3839 spebiet,
1842 3756 1939 3812 certo

1168 3840 1347 3913 'affirmare
1375 3866 1608 3936 nequeamus.
1651 3846 1708 3914 Ad
1739 3842 1943 3913 Hadrianum

140 5001 141 5004 ¹
205 5007 206 5011 =
298 4963 372 5038 sum
401 4970 550 5046 nauus.

232 3941 248 3950 ⁹
297 3947 339 4018 ad
370 3945 573 4018 Palclralem
603 3948 649 4018 ll.
678 3965 783 4041 atque
810 3945 848 4014 in
878 3943 971 4038 spem
1000 3965 1063 4011 nos
1172 3944 1198 4011 l.
1226 3948 1349 4032 Papam
1376 3942 1571 4040 Vignolius
1608 3941 1713 4016 illum
1751 3943 1859 4017 refert
1893 3941 1940 4015 li·

297 4044 407 4118 etiom
438 4045 607 4123 adduxit,
635 4048 781 4115 alteram
810 4044 853 4111 ab
879 4066 921 4111 eo
946 4041 1064 4130 Syllo—
1146 4039 1256 4130 ,teris
1285 4038 1479 4134 suppletis.
1518 4046 1666 4117 Saeculo
1693 4073 1836 4146 quoque
1865 4048 1943 4118 No·

295 4166 364 4247 gen
393 4171 456 4218 nos
492 4161 721 4242 accepturos,
758 4139 865 4239 usque
900 4140 943 4212 ad
979 4141 1063 4213 Cle·
1105 4134 1217 4213 E³no
1267 4141 1494 4219 Ponrificiam
1538 4146 1754 4222 Catbedram
1797 4168 1942 4221 tenuere

296 4266 462 4324 mentem
484 4249 568 4320 Vll.
596 4244 807 4319 dedublam.
907 4271 911 4279 ·
1171 4242 1373 4318 Hadrianus
1411 4251 1457 4322 ll.
1494 4251 1528 4321 ἃ
1569 4253 1632 4321 lll.
1673 4256 1749 4325 Cur
1785 4272 1855 4319 non
1894 4247 1944 4322 iis

350 4353 479 4427 Liceat
497 4374 590 4424 nunc
613 4348 703 4422 mihi
724 4348 762 4420 in
782 4344 943 4419 omnium
964 4370 1062 4417 com·
1171 4346 1289 4447 potius
1317 4349 1524 4425 tribuendus
1550 4350 1594 4423 eli
1623 4345 1825 4423 Nummus?

210 4535 214 4547 ,
296 4457 442 4530 modum
471 4477 514 4528 ex
536 4451 684 4527 eruditis
711 4450 853 4525 illorum
881 4448 1062 4522 laboribus
1220 4452 1386 4525 Tertium
1410 4451 1542 4544 profert
1562 4451 1775 4546 vignolius.
1807 4455 1942 4524 neonem

296 4556 490 4658 prolicere,
517 4554 584 4630 hoc
605 4555 651 4629 est
676 4579 861 4654 congerere
886 4550 953 4625 huc
974 4577 1062 4649 quo·
1170 4556 1231 4624 Ill.
1262 4557 1390 4634 Papam
1418 4557 1689 4647 Monogramma
1716 4554 1833 4630 prodit
1858 4577 1942 4627 cum

294 4663 463 4757 icum'que
491 4678 649 4732 veterum
680 4653 894 4732 Pontificum
917 4653 1063 4753 (recen
1142 4653 1284 4746 ¹literis
1313 4658 1419 4727 LEO.
1455 4655 1543 4724 SCS.
1575 4655 1782 4729 PETRVS.
1815 4658 1940 4729 Altera

295 4767 432 4840 tiorum
472 4762 676 4837 Seculorum
714 4755 879 4856 omiffis)
907 4759 934 4832 ii
962 4759 1062 4830 evul-
1140 4750 1321 4857 §Nummi
1353 4753 1458 4826 facies
1486 4755 1632 4828 exhibe-t
1657 4754 1939 4838 (TARLVS,&

194 4880 197 4885 ’
296 4880 453 4960 gerunt,
486 4882 597 4965 atque
634 4864 784 4968 adjicere
820 4882 908 4963 quos
930 4863 967 4934 d
996 4880 1062 4961 ego
1140 4857 1205 4956 :ln
1234 4858 1545 4956 Monogrammnre
1573 4862 1704 4934 Il’l‘l'.
1726 4861 1809 4934 idest
1831 4866 1940 4955 virnpe-

782 4994 791 5015 ·
1140 4965 1144 5043 ξ
1169 4979 1270 5032 rator.
1299 4963 1330 5032 is
1359 4959 1403 5031 cll
1430 4962 1560 5032 Caroiu
1590 4961 1767 5065 Magnus,
1795 4962 1939 5036 circiter

1139 5048 1316 5156 {Annum
1343 5063 1475 5146 curisti
1504 5068 1671 5143 occcr.

1770 5168 1887 5262 Quat-
