4214 6014
284 364 370 453 arr
593 347 907 442 DISSERTAT
908 350 964 438 10
1006 348 1491 449 VIGESIMASEXTA.
1726 367 1811 453 282

135 475 138 480 ’
195 494 261 552 'ra
290 470 441 552 Sfortiae
468 471 551 549 Lib.
579 470 627 547 ll.
654 498 730 571 pag.
757 493 846 568 713.
873 466 987 545 Tomi
1032 475 1061 545 Α
1107 468 1163 546 nir
1191 472 1495 579 oppugnationem
1529 489 1695 552 enarrat:
1735 479 1876 553 Vincam

224 583 323 655 xlx.
349 582 475 652 Rerum
504 575 620 650 Italic.
646 576 764 648 locum
791 590 988 661 memorat,

221 682 274 755 eui
287 699 413 778 propter
428 676 493 769 soli
516 675 690 748 aberrarem
711 676 844 746 mixtum
864 702 901 745 ee
919 681 987 748 La·

222 784 294 857 rina
317 778 365 861 ό*
388 786 550 852 Germana
577 779 706 872 Lingua
734 783 988 848 Sarromanorram

96 879 112 938 s
221 883 321 959 Siloa
346 907 457 954 namen
483 879 550 965 eli.
588 879 802 951 Seducuter
829 865 990 951 animadss

220 983 355 1072 vertit,
378 978 567 1057 Germanis
592 1004 733 1076 quoque
757 977 855 1052 inille
878 981 911 1052 ἃ
938 975 989 1051 el·

221 1083 257 1161 se
276 1084 317 1159 iu
343 1080 581 1157 ulu‘eamdem
611 1105 733 1152 vocem
759 1086 874 1160 Sarra,
901 1106 989 1176 quae

221 1182 425 1262 communis
450 1180 496 1255 cst
522 1180 712 1264 Hebraeis,
731 1183 897 1280 Graecis,
918 1183 990 1255 La·

224 1286 340 1368 tinia,
369 1282 507 1371 Gallis,
539 1284 690 1381 Aegiis,
727 1281 877 1376 aliisque
905 1307 990 1379 gen·

1106 574 1180 646 bine
1213 579 1408 650 antemurale
1442 580 1641 662 Braccioni,
1673 601 1876 677 praeturum

1108 679 1183 749 inde
1212 678 1351 769 foveas,
1387 680 1430 752 Θ
1460 681 1534 775 jana
1566 683 1694 755 vallum
1728 683 1875 772 oscende-

1106 781 1211 861 bant,
1246 807 1308 853 raon
1336 783 1456 855 armati
1476 784 1603 875 solum,
1632 784 1693 877 sed
1719 784 1875 878 inermes,

1106 878 1154 961 a&
1180 889 1264 980 quod
1288 884 1474 956 incredibile
1498 881 1591 957 ailla
1616 884 1681 972 est,
1702 887 1770 976 [olo
1794 894 1876 960 Sar·

1106 985 1173 1055 calo
1198 983 1432 1058 eircumcinl‘si.
1467 989 1522 1059 En
1559 985 1740 1083 quoslibet
1764 985 1876 1063 Mili·

1107 1104 1160 1158 tes
1190 1082 1317 1176 iniquo
1346 1086 1576 1160 Saccomanni
1614 1113 1758 1161 munere
1792 1086 1876 1162 sun·

1107 1185 1203 1260 sios.
1239 1190 1360 1280 Quum
1400 1193 1483 1263 verb
1519 1215 1630 1287 nuper
1659 1206 1876 1264 memoratur

1109 1288 1261 1362 Azariu:
1291 1308 1546 1363 commemoret
1574 1288 1687 1364 aciem
1717 1316 1756 1361 ear
1781 1288 1877 1362 reli.

225 1386 341 1466 tibus.
370 1384 477 1459 iidem
504 1385 672 1458 Germani
696 1384 779 1460 sak
801 1385 886 1460 Paci
907 1409 987 1456 eum
1033 1394 1061 1465 B
1107 1391 1239 1461 lioribur
1272 1391 1453 1487 plerumque
1486 1417 1525 1463 ex
1549 1390 1769 1464 Sarromaennir
1801 1416 1876 1463 eous

223 1489 429 1587 appellant,
458 1483 518 1584 qui
548 1485 650 1561 nobis
678 1490 853 1558 Faccbino.
894 1489 988 1558 Aca·
1099 1493 1275 1580 sticarum,
1311 1490 1398 1589 quid
1435 1489 1531 1567 aliud
1568 1489 1874 1592 excogitandum,

221 1586 371 1663 ‹lemicis
396 1589 481 1661 della
508 1590 625 1676 Cralca
653 1585 840 1671 scribitur,
877 1592 980 1659 Sacro

221 1691 397 1769 manno&
434 1694 585 1762 succerda
621 1688 713 1762 idem
751 1689 875 1764 fuisse.
908 1696 987 1763 Sar·

222 1795 316 1866 cardo
334 1808 451 1864 autem
473 1789 581 1863 abiis
601 1793 817 1888 appellatur.
841 1791 902 1887 qui
923 1799 984 1865 du·

225 1889 278 1967 cit
303 1893 406 1963 dietro
430 1923 452 1963 a
473 1894 526 1987 gli
551 1890 670 1979 almiri
703 1893 734 1964 le
767 1893 988 1986 verrovaglie‚

224 1994 316 2090 agli
342 1992 464 2080 arneli.
496 1995 581 2065 Non
609 1990 694 2066 baec
721 1993 879 2067 nominis
909 2019 988 2066 vera

224 2093 349 2169 notio.
376 2093 604 2177 intermori,
631 2092 770 2179 nescio,
795 2121 837 2167 an
866 2121 884 2167 a
910 2100 988 2166 Sae-

224 2197 330 2269 eardis
370 2194 489 2278 diverli
524 2194 681 2284 furrinr,·
722 2222 835 2290 oeque
876 2216 991 2270 certus

1106 1592 1170 1666 nisr
1207 1594 1243 1667 id
1280 1592 1467 1666 bominum
1504 1619 1612 1693 genus
1648 1592 1686 1667 in
1720 1589 1874 1669 exordio

1106 1694 1167 1768 suo
1196 1723 1255 1789 par
1282 1719 1360 1767 curn
1389 1696 1544 1767 Ribaldis
1579 1690 1708 1770 fuisse!
1747 1698 1874 1866 Neptu

1107 1795 1417 1886 praetermittenda
1453 1795 1524 1871 alia
1561 1794 1778 1871 militarium
1832 1820 1876 1869 oa

1107 1899 1243 1973 minum
1281 1896 1442 1992 species,
1477 1925 1566 1995 quos
1602 1901 1752 1986 Ioannes
1789 1897 1875 1971 vil·

1107 1999 1222 2073 lanius
1242 1998 1325 2074 Lib.
1344 2023 1379 2095 9.
1400 2001 1488 2097 Cap.
1508 2020 1570 2094 70.
1591 1996 1795 2070 Giridonieri
1811 2020 1876 2095 ape

1108 2103 1239 2198 pellat,
1270 2099 1456 2195 inquiens:
1488 2096 1733 2172 lGialdrnieri
1756 2095 1889 2187 laseim,

1107 2229 1180 2273 rano
1205 2211 1312 2274 radere
1332 2201 1363 2269 le
1388 2201 1454 2271 loro
1475 2199 1594 2272 Gialde
1616 2199 1709 2288 [apro
1739 2195 1753 2267 i
1778 2192 1878 2284 noliri

225 2296 328 2379 sum,
364 2322 448 2371 num
477 2302 662 2369 Sarromano
690 2297 807 2394 potibs
833 2296 992 2372 dixerint
1023 2295 1067 2372 >C
1106 2302 1294 2378 Cebalini.
1331 2299 1541 2375 Academici
1571 2300 1658 2372 della
1682 2297 1801 2389 Causea
1834 2295 1877 2373 in

226 2395 390 2496 antiqui,
413 2424 453 2474 ac
479 2396 501 2470 st
525 2424 544 2472 a
568 2403 675 2472 Sacro
699 2400 741 2473 ad
766 2425 909 2475 manum
932 2428 991 2498 pa·
1107 2403 1347 2479 Vocabulario
1369 2401 1508 2501 opinati
1534 2401 1635 2484 sunt,
1660 2396 1764 2473 hosce
1787 2394 1877 2474 iuis·

227 2516 306 2577 rato
336 2527 408 2574 vox
435 2498 543 2574 luerit
572 2521 699 2576 enata.
737 2501 829 2576 Illud
866 2505 992 2598 explo-
1107 2507 1140 2580 ie
1166 2507 1295 2581 Saliari
1321 2506 1440 2577 mmari
1464 2506 1502 2575 di
1526 2505 1670 2576 Gialda.
1699 2498 1872 2577 Addunt:

225 2621 341 2678 ratum
370 2601 506 2683 babeo,
534 2608 757 2674 Sarromannos
789 2602 825 2676 in
855 2605 989 2679 exerci-
1106 2612 1229 2684 Gialda
1250 2606 1357 2700 [perir
1378 2603 1510 2678 d’arme
1531 2605 1661 2684 antica,
1685 2603 1773 2676 della
1794 2628 1877 2696 qua·

227 2702 323 2780 tibus
344 2703 562 2804 praedatores
586 2703 709 2804 suille3
734 2706 765 2776 δι
791 2709 905 2784 Rura.
931 2725 992 2780 aut
1106 2714 1137 2781 le
1170 2710 1230 2780 r’i
1261 2709 1394 2805 perduro
1428 2703 1521 2795 l‘aso
1554 2734 1571 2778 e
1605 2708 1641 2776 la
1669 2703 1876 2799 argaizione.

226 2804 300 2903 ipsa
335 2806 487 2879 Castella
527 2805 665 2877 munita
703 2803 916 2880 consuevisse
955 2835 991 2880 a·
1108 2809 1297 2909 Menagius
1323 2807 1366 2881 de
1392 2805 1534 2909 Origin.
1570 2805 1735 2905 Linguae
1775 2801 1875 2877 ltali-

227 2902 341 2979 doriri
364 2907 472 2978 sacco
498 2923 640 3001 Parma
665 2922 704 2977 ut
727 2905 765 2978 ln
790 2933 868 2977 tum
896 2934 993 3006 prae·
1109 2941 1169 2987 cae
1195 2912 1258 2984 hac
1295 2907 1592 3002 interpretatione
1618 2905 1754 3003 arrepti
1780 2901 1877 2980 arbi·

228 3004 309 3081 clam
348 3022 595 3087 conecterem.
631 3002 730 3079 Hinc
758 3004 927 3081 dedubiae
961 3011 995 3082 1-
1109 3031 1220 3088 rratus
1247 3011 1457 3090 ell.Gia1da
1483 3029 1625 3083 enatum
1653 3005 1720 3081 effe
1743 3031 1788 3080 ex
1806 3010 1877 3096 Ja-

227 3106 359 3184 :alicae
379 3133 482 3181 voces
501 3107 747 3204 sacebrggiare,
770 3115 848 3182 dare
870 3113 898 3181 il
915 3116 992 3183 Sae-
1109 3122 1241 3202 calam,-
1267 3137 1337 3211 qua
1372 3111 1509 3188 ratione
1539 3106 1562 3183 fi
1592 3105 1710 3202 petis,
1746 3132 1789 3179 en
1819 3104 1877 3179 io·

229 3238 282 3301 co,
305 3232 432 3283 mertare
454 3238 477 3283 a
499 3215 614 3292 sacco»
634 3237 651 3280 ί
672 3210 880 3309 Saccbtggh·
907 3215 993 3305 Quo
1036 3200 1071 3271 D
1108 3215 1285 3318 geniosam
1317 3211 1550 3287 methodum:
1573 3208 1752 3302 jaculum,
1771 3211 1879 3301 Jacu·

227 3312 336 3390 etiam
361 3331 520 3410 tempore
542 3337 615 3385 vox
640 3310 699 3382 ilia
724 3314 903 3386 emerserit
931 3341 994 3387 nos
1108 3324 1165 3400 la.
1183 3319 1403 3410 Jaruladum,
1422 3315 1611 3405 Jaculada,
1630 3313 1762 3403 jallia,
1781 3309 1880 3382 Gial·

229 3414 333 3490 dotet
361 3416 484 3489 Petrus
510 3411 662 3487 Azarius
690 3412 887 3490 Hillorirus
917 3419 995 3487 No·
1109 3427 1171 3492 da.
1201 3415 1307 3490 Nihil
1334 3415 1402 3501 eli,
1430 3413 1523 3510 quod
1551 3437 1616 3510 ego
1645 3435 1808 3482 moneam
1834 3407 1880 3484 de

228 3513 394 3590 variensls
415 3517 504 3609 Cap·
527 3538 585 3588 11.
607 3511 737 3587 l'llstor·
752 3517 873 3588 Tomo
894 3519 995 3586 XVl·
1110 3520 1213 3615 hujus
1239 3515 1392 3614 originis
1429 3510 1713 3586 inconcinnitate
1750 3505 1881 3582 Ladio-

166 3657 170 3664 ·
231 3622 314 3693 Ret.
337 3613 456 3687 Italic.
483 3613 668 3686 Nimirum
697 3618 805 3684 llnno
831 3615 997 3686 Mccc-
1112 3646 1211 3692 rem.
1249 3621 1360 3688 Porto
1396 3613 1486 3686 mihi
1515 3628 1651 3683 eertum
1688 3606 1760 3690 eli.
1791 3614 1883 3681 Lara·

230 3721 297 3796 Ll.
333 3740 441 3812 quum
479 3710 656 3788 exercitus
689 3711 861 3805 lobannis
889 3712 996 3786 Vice·
1112 3745 1179 3790 reas
1205 3720 1240 3790 δ(
1267 3718 1407 3786 Gaaldar
1442 3713 1534 3788 idern
1565 3710 1665 3785 fuisse
1700 3734 1881 3787 armorum

232 3816 377 3892 comitis
414 3810 685 3914 Archiepiscopi
721 3811 997 3889 Mediolanenfia
1113 3846 1244 3916 genus,
1268 3813 1337 3888 srve
1362 3814 1497 3888 Piccbe:
1519 3814 1613 3912 quod
1638 3813 1789 3885 alterum
1816 3836 1883 3885 no·

230 3916 399 3997 Tusciam
436 3915 633 3993 infestaret,
667 3917 703 3989 δι
730 3915 774 3990 ad
811 3937 929 4018 portas
957 3943 997 3989 u·
1115 3947 1193 3995 men
1234 3919 1421 3993 invaluit.
1466 3913 1591 3989 Editio
1630 3912 1884 3996 Giuntorum,

231 4021 314 4120 sque
361 4017 562 4095 Florentiae
601 4038 833 4107 excurreret,
878 4018 998 4090 mulraa
1113 4022 1246 4116 quain
1275 4018 1441 4091 Villanio
1473 4015 1587 4090 rursus
1616 4013 1713 4109 typis
1743 4013 1885 4087 traden-

231 4124 359 4222 puierar
383 4122 513 4202 dames,
542 4121 587 4191 Θ·
611 4120 739 4214 palatia
765 4119 997 4201 invaserunt,
1041 4100 1069 4169 Ε
1113 4124 1160 4198 do
1188 4123 1225 4197 in
1256 4119 1484 4194 Collebl³one
1515 4122 1595 4191 Rer.
1624 4115 1779 4190 italicar.
1806 4113 1884 4190 sum
2033 4160 2035 4164 ι

229 4225 475 4319 Jaceomananda
500 4219 547 4301 (θ’
573 4217 795 4293 comburendo.
822 4225 871 4292 Er
893 4221 940 4291 ibi
965 4247 996 4290 e-
1115 4225 1221 4306 usus.
1258 4222 1365 4295 habet
1390 4224 1420 4291 le
1448 4222 1512 4292 lore
1538 4226 1645 4292 Lance
1671 4245 1734 4316 pro
1763 4218 1794 4286 le
1821 4217 1887 4290 lore
2013 4220 2017 4226 “

235 4329 314 4403 riam
338 4348 395 4420 prr
415 4347 527 4420 gerres
551 4322 628 4394 ilias
653 4317 775 4418 (inter
796 4347 881 4418 quae
907 4322 998 4395 mul·
1116 4326 1262 4396 Gialde.
1306 4320 1433 4393 iridem
1475 4327 1612 4405 Lance,
1654 4343 1725 4388 non
1766 4315 1887 4387 Gialdr

236 4444 294 4502 tae
321 4423 632 4501 Tbeutonicorum
661 4422 851 4597 cobortes)
879 4419 1001 4495 dilium
1118 4423 1267 4511 praefert
1303 4422 1462 4523 egregius
1490 4420 1615 4495 Codex
1647 4420 1772 4491 MStus
1802 4414 1886 4489 Vil.

232 4528 302 4622 sair
325 4528 366 4600 de
386 4534 619 4601 Sacromanno:
639 4526 724 4622 qnod
746 4552 827 4598 ocra
849 4526 937 4596 ulum
963 4550 1001 4596 rr·
1119 4527 1232 4610 lanii,
1267 4550 1370 4623 quem
1409 4520 1555 4598 Clariis.
1585 4525 1781 4595 Recauatus
1810 4520 1886 4591 Ver

231 4629 313 4725 sque
338 4631 383 4703 ad
418 4629 628 4729 praesentem
654 4627 812 4703 diem'ir
850 4625 1000 4700 Lamban
1120 4628 1228 4703 netiis
1256 4625 1438 4700 adservat.
1466 4629 1635 4699 Ceterum
1663 4620 1702 4696 in
1729 4613 1889 4695 Chroni-

239 4730 300 4807 dia
339 4733 551 4820 perduravit.
580 4734 689 4806 ,Haec
724 4730 904 4823 Scrip‘or'
924 4727 1001 4822 iyn-

241 4831 413 4907 ehronus.
449 4828 549 4907 Audi
576 4854 668 4903 nunc
695 4832 780 4928 quid
809 4833 1004 4908 Porcellus
1122 4862 1198 4936 pag.
1225 4857 1309 4930 995.
1337 4832 1367 4898 le
1390 4832 1507 4902 Graldr
1537 4847 1799 4900 memorantur.
1824 4817 1891 4896 Sed

240 4933 327 5015 Lib.
357 4936 418 5006 lli.
443 4929 651 5006 Commeat.
679 4930 721 5004 de
745 4933 817 5009 reb.
843 4933 921 5034 gell
948 4938 1006 5021 J'a·
1121 4934 1222 5010 &in
1254 4936 1364 5009 altero
1390 4927 1576 5005 Chronico
1608 4925 1755 5014 Pisano,
1792 4919 1889 5022 quod

241 5036 326 5128 eobi
354 5031 513 5115 Piciniui
536 5030 687 5135 sptibpt,
712 5031 798 5138 duur
819 5032 1005 5137 Castellia-
1089 5038 1097 5124 l
1122 5037 1163 5120 in
1188 5038 1255 5220 bac
1281 5039 1399 5218 (ἔρειο
1425 5029 1503 5111 sum
1526 5027 1686 5121 editurus
1712 5031 1745 5103 ir
1767 5030 1888 5207 §galde

1120 4759 1164 4805 co
1191 4726 1340 4810 Plano,
1363 4731 1486 4801 'l'omo
1511 4730 1591 4800 XV.
1621 4731 1703 4801 Rer.
1730 4719 1887 4796 italicar.
2033 4749 2039 4758 ·
