4214 6014
286 345 368 441 535
548 321 995 441 Aurrourr.
1046 321 1301 413 maora
1349 326 1549 415 Aarr
1630 266 1636 282 ’
1727 355 1812 454 53⁶

223 448 421 520 PAVLVS
448 443 579 518 PAPA
606 442 656 519 IL
683 446 726 516 ln
754 445 884 541 postica
910 441 988 516 effi·
1029 441 1064 515 A
1104 468 1146 515 ae
1170 442 1266 517 inter
1292 447 1484 521 Patavinos
1522 450 1698 527 Paroclros
1736 457 1871 554 spesin-

222 548 297 645 gies
337 544 454 620 Sansli
497 543 704 644 cujusdam,
744 543 885 619 sortasse
909 543 990 639 Cy·

222 648 334 735 rioci,
359 673 438 722 cunr
466 645 581 721 literis
609 647 648 720 in
674 646 828 722 circuitu
856 653 990 724 Mau·

221 752 351 822 effla
379 752 615 823 ANCONE.
659 752 755 822 Inter
797 752 911 824 Paulli
942 755 988 828 ll.

220 854 400 926 Nummos
438 880 458 924 a
495 847 648 924 clariss.
697 854 735 924 P.
777 853 990 929 Βοηηαηυίο

220 950 336 1027 editos
364 951 458 1027 hunc
486 977 558 1025 noo
584 951 759 1029 invenio.

292 1159 569 1252 nonna
605 1161 916 1235 crvrras.

1104 543 1280 619 riffimus.
1316 551 1441 648 Longe
1468 557 1552 624 vero
1579 554 1778 629 uberiorem
1807 583 1871 631 co-

1107 647 1200 736 piam
1245 644 1486 747 suppeditavit
1524 651 1615 727 mihi
1659 654 1871 734 humanissi-

1108 773 1184 821 mus
1211 765 1318 846 atque
1336 747 1535 848 hujusmodi
1556 779 1871 835 monumentorum

1106 849 1275 923 studiosus
1317 869 1501 935 venator,
1540 858 1687 943 Joannes
1723 864 1873 936 Franci-

1107 950 1182 1025 scus
1219 949 1431 1043 Masurius,
1466 954 1760 1057 Archipresbyter
1797 967 1872 1038 Ca·

1109 1052 1277 1127 thedralis
1314 1054 1544 1150 Veronenlis,
1579 1058 1643 1154 qui
1682 1087 1874 1156 quaecum·

1108 1181 1177 1251 que
1203 1175 1305 1229 antea
1331 1158 1525 1258 collegerat
1562 1157 1625 1236 Cl.
1653 1166 1699 1235 V.
1728 1167 1873 1240 franci·

1109 1254 1183 1328 scus
1210 1255 1464 1352 Blanchinius,
1498 1258 1538 1334 in
1578 1260 1679 1337 suum
1705 1264 1872 1341 Museutn

224 1363 226 1368 '
335 1360 499 1456 gailanae
532 1361 693 1434 Civitatis
726 1369 904 1439 Nummos
930 1364 991 1438 lta·
1034 1356 1062 1427 B
1108 1358 1259 1432 intulit.
1311 1375 1313 1380 ’

231 1504 234 1509 -
362 1468 418 1536 bes
447 1462 591 1561 supraa
628 1493 683 1540 me
719 1470 903 1565 evulgatos
936 1467 990 1540 io-

225 1586 282 1637 ter
311 1568 486 1638 Nummos
516 1567 701 1655 ladislai,
731 1567 940 1642 Perdinandi
966 1573 992 1642 l.

227 1662 267 1740 ἃ
304 1663 430 1739 Caroli
470 1672 572 1741 Vlll.
620 1674 752 1771 Regum
796 1670 990 1759 Neapolis.

227 1765 354 1839 Unum
398 1795 538 1866 quoque
579 1768 670 1844 inira
720 1771 912 1864 proferam,
955 1772 992 1845 in

228 1867 328 1966 eujus
348 1869 465 1941 antica
489 1869 649 1946 visuntur
672 1872 882 1947 Pontificiae
905 1871 995 1947 Cla·

227 1994 290 2041 ses
326 1969 543 2063 decussatae,
579 1998 660 2045 cum
703 1979 812 2050 Tiara
842 1976 994 2065 Pauali‚

229 2067 268 2144 io
310 2070 499 2169 epigraphe
539 2080 623 2149 verb
674 2075 806 2175 legirur
847 2082 994 2152 ΙΝΝΟ.
1051 2079 1075 2168 J

196 2206 198 2211 ·
230 2175 451 2248 CENTlVS
490 2178 527 2250 P.
567 2181 604 2250 P.
641 2181 742 2254 VlIl.
788 2184 826 2254 ln
879 2179 995 2255 auersa

1163 1460 1299 1535 Primus
1326 1488 1410 1563 ergo
1434 1490 1456 1539 e
1489 1463 1708 1544 Muselliano
1743 1468 1873 1546 Museo

1108 1560 1309 1660 depromtus
1339 1568 1516 1641 Nummus
1539 1567 1693 1670 effigiem
1716 1571 1874 1646 Patriac-

1108 1663 1194 1737 chae
1221 1662 1392 1763 praefert,
1429 1669 1583 1742 Pallium
1620 1669 1874 1767 Archiepisco—

1112 1767 1188 1859 pale
1224 1766 1400 1864 gerentis,
1440 1766 1480 1844 &
1515 1775 1667 1845 Crucem
1707 1773 1875 1857 dextera,

1111 1868 1261 1942 Librum
1299 1865 1427 1942 sinistri
1462 1871 1640 1964 tenentis,
1681 1899 1759 1948 cum
1796 1874 1874 1971 epi-

1109 1969 1238 2070 graphe
1265 1974 1511 2046 VOLFKER.
1538 1976 1607 2047 ΕΡ.
1635 1973 1723 2049 idest
1747 1976 1875 2066 Volske-

1111 2071 1177 2143 rius
1203 2072 1400 2170 Episcopus.
1428 2073 1467 2148 ln
1497 2074 1625 2174 pollice
1652 2076 1787 2174 A'quila
1814 2104 1876 2151 co·
1994 2123 1998 2130 ·

1111 2191 1234 2247 rooata
1271 2201 1350 2250 cum
1388 2174 1503 2250 literis
1538 2175 1578 2250 io
1618 2176 1768 2252 circuitu
1805 2182 1874 2253 Cl-

230 2292 330 2372 parte
358 2274 494 2374 Aquila
524 2305 636 2353 aream
664 2301 841 2367 occupat,
867 2285 901 2354 Sc
927 2283 997 2356 cir·
1035 2263 1072 2341 C
1111 2278 1274 2350 VITAS·
1321 2280 1642 2368 AQVll-EGIA·
1692 2270 1895 2356 *Percussus

232 2375 404 2450 cumslant
443 2377 568 2453 literne
610 2385 887 2477 AQVlLANA
929 2388 998 2461 CI·

235 2481 389 2551 VlTAS
415 2531 426 2553 .
453 2533 500 2554 ..
541 2482 682 2578 Spesiat
723 2485 782 2561 hic
820 2491 999 2564 Nummus

232 2577 275 2654 ad
304 2581 466 2654 Seculum
493 2579 628 2659 Christi
657 2591 737 2662 XV.

195 2808 198 2812 ·
236 2784 514 2877 aQurnnJa,
537 2791 605 2864 ετ
628 2794 997 2872 rarnraacrrar

239 2911 245 2923 ·
423 2892 818 2985 AQurnrJansss.

337 3088 413 3166 Um
451 3091 546 3169 stetit
585 3096 801 3176 nobilissima
841 3104 999 3184 Civitas,

1111 2375 1180 2452 suit
1220 2377 1279 2451 hic
1322 2381 1500 2453 Nummus
1539 2379 1684 2455 circiter
1725 2385 1874 2456 Annum

1112 2478 1243 2554 Christi
1270 2484 1464 2554 MCCXX.

1164 2583 1340 2656 Secundus
1366 2610 1409 2655 ex
1436 2580 1558 2655 eodem
1587 2581 1714 2657 Museo
1746 2582 1876 2657 ‹leseri-

1114 2701 1215 2781 ptus,
1243 2709 1359 2781 parem
1388 2684 1425 2755 in
1453 2683 1569 2755 antica
1597 2684 1748 2781 effigiem
1770 2684 1876 2756 exhi·

1115 2786 1173 2858 bet
1219 2809 1298 2857 cum
1335 2783 1450 2858 literis
1490 2786 1788 2860 BERTOLDVS
1834 2788 1875 2860 P.
1961 2781 1967 2792 ’

1114 2884 1183 2960 hoc
1210 2885 1278 2973 est,
1314 2887 1521 2960 Parriareba.
1557 2886 1599 2960 ln
1634 2887 1752 2961 aversi
1787 2884 1877 2960 facie

1117 2987 1226 3089 figura
1254 2987 1434 3077 hominis,
1471 2987 1621 3062 sublatas
1658 3015 1779 3061 manus
1816 2987 1878 3060 ha·

1119 3090 1255 3176 beatis,
1296 3115 1375 3160 cum
1416 3087 1647 3186 inscriptione
1673 3093 1879 3163 ClVlTAS

362 3195 523 3291 Aquileia
562 3197 758 3290 videlicet,
803 3202 911 3299 usque
955 3203 996 3276 acl
1045 3189 1077 3255 D
1116 3192 1424 3282 AQVILFGIA·
1460 3187 1519 3260 Ad
1556 3194 1702 3260 Annum
1741 3187 1880 3282 Christi

232 3311 393 3392 tempora
431 3297 572 3373 Attilae
607 3304 820 3377 Hunnorum
864 3302 997 3402 Regis,

234 3399 414 3472 Nummos
442 3399 495 3472 ibi
516 3402 686 3496 perculsos
706 3404 863 3480 vidimus
882 3433 902 3478 a
923 3410 996 3480 Ro·

233 3523 420 3574 manorum
449 3503 724 3601 Imperatoribus
761 3506 997 3583 Christianis.

232 3602 289 3672 Ar
334 3602 406 3694 post
445 3605 519 3700 ejus
560 3605 759 3682 miserabile
785 3606 998 3700 excidium,

233 3702 375 3818 nullum
411 3701 462 3774 ibi
502 3711 700 3802 permulta
737 3712 860 3784 Secula
893 3708 997 3784 velli·

233 3825 334 3902 grum
361 3802 527 3879 officinae
553 3804 782 3885 Monetariae
809 3809 903 3886 suit.
934 3816 998 3885 Pa·

176 3985 180 3994 ,
234 3904 400 3978 triarchis
427 3907 569 3981 demum
597 3911 903 4010 Aquileiensibus.
942 3933 999 3987 ut-

1117 3291 1259 3364 circiter
1286 3291 1565 3365 MCCXXXIV.
1591 3287 1789 3363 referendus
1822 3291 1879 3364 ui·

1117 3392 1219 3466 detur
1246 3396 1443 3467 Nummus.

1168 3492 1314 3567 Tertius
1341 3491 1379 3566 in
1408 3490 1534 3567 Museo
1561 3496 1696 3569 Lazrra
1721 3491 1881 3569 exsiliens
1980 3529 1984 3538 ·

1121 3596 1162 3670 ad
1190 3595 1351 3668 eumdem
1393 3596 1602 3666 Bemboldrrm
1643 3595 1910 3669 Patriatcham.

1146 3696 1296 3770 ertinet.
1324 3693 1461 3769 Similis
1487 3694 1534 3768 eli
1553 3695 1797 3794 praecedenti,
1817 3694 1882 3772 nifi

1085 3763 1091 3883 l
1122 3725 1214 3897 guod
1243 3797 1378 3895 Aquila
1405 3821 1518 3883 aream
1546 3796 1692 3896 posticae
1712 3815 1883 3896 occupat.

1172 3902 1327 3992 Quartus
1366 3901 1542 3971 Nummus
1581 3898 1618 3972 in
1662 3895 1884 3972 Mulelliano

234 4021 320 4100 pote
346 4005 407 4097 qui
436 4005 669 4100 amplissimae
704 4012 842 4109 regioni
883 4013 1000 4088 domi.
1121 3999 1248 4077 Museo
1274 3997 1494 4080 adservatur,
1536 3997 1690 4099 effigiem
1728 3998 1885 4073 Patriac-

234 4103 436 4194 nabantur‚
473 4106 613 4179 conlata
641 4109 686 4181 ell
712 4109 832 4182 eadem
861 4139 1000 4211 praero-
1046 4091 1076 4161 Ε
1122 4103 1206 4176 Chae
1241 4100 1347 4176 hbe!
1382 4126 1462 4175 ‘um
1502 4100 1619 4176 listris
1664 4103 1885 4177 BERTOL·

234 4203 357 4304 gativa
384 4231 403 4279 a
431 4203 612 4280 friderico
641 4211 683 4283 ll.
715 4212 895 4310 Augusto.
942 4221 999 4292 An

235 4324 339 4380 antea
360 4324 542 4406 argentum
567 4309 789 4386 Patriarchae
810 4312 1001 4415 fignarint,

237 4407 403 4509 ignotum
423 4409 514 4484 mihi
535 4411 600 4485 esl.
629 4415 759 4489 Saltem
786 4417 829 4490 ab
849 4412 892 4492 eo
911 4437 1001 4492 tem·

234 4535 321 4612 pore
367 4510 523 4608 argentei
568 4516 719 4590 Nummi
757 4517 920 4606 uisuntur
958 4520 1002 4594 ad

236 4638 358 4688 corum
388 4634 512 4688 nutum
541 4614 630 4705 cust,
670 4645 820 4711 quorum
862 4621 1001 4695 iconem

235 4740 281 4792 ex
318 4714 444 4791 Museo
479 4713 641 4792 Comitis
675 4723 820 4811 Joannis
861 4722 903 4797 de
932 4727 1003 4800 La·

237 4844 317 4893 zara
356 4817 504 4893 Patricii
548 4822 711 4896 Patavini
742 4825 931 4903 expressam
961 4820 1003 4896 ad

238 4939 297 4987 me
336 4919 430 4998 milit
465 4921 718 4998 amantissimus
747 4924 817 4998 mei
847 4923 1004 4997 Adamus

240 5015 386 5093 Piratus
427 5028 547 5099 Sacrae
579 5025 801 5126 Theologiae
837 5024 1005 5110 nourr,

1123 4208 1218 4278 DVS
1245 4206 1284 4277 P.
1307 4206 1347 4276 ln
1375 4202 1504 4302 pollice
1531 4202 1656 4277 visrtur
1681 4221 1779 4299 porta
1801 4227 1885 4276 cum

1124 4307 1238 4380 tribus
1265 4304 1443 4383 turribus.
1484 4306 1517 4376 δι
1547 4302 1733 4404 epigraphe
1758 4302 1888 4378 c1v1·

1123 4412 1233 4484 ras,
1260 4408 1565 4501 novissem.

1175 4508 1372 4601 Quio6lum
1396 4511 1589 4578 Nummum
1610 4501 1768 4578 adservat
1785 4531 1887 4603 prae·
1913 4537 1919 4547 ·

1125 4611 1285 4686 laudatus
1312 4603 1517 4679 Musellius.
1550 4609 1653 4678 Hanc
1681 4604 1887 4691 inscriptio-

1126 4738 1203 4786 nem
1249 4706 1414 4781 exhibet:
1468 4710 1729 4780 GREGORlus
1774 4711 1919 4782 ELE-x

1125 4814 1274 4888 CTVS.
1316 4811 1356 4881 ln
1395 4807 1523 4906 postica
1560 4808 1887 4909 Archiepiscopus‚

1125 4918 1275 4989 Crucem
1304 4908 1482 5011 accipiens
1522 4937 1540 4983 a
1580 4912 1730 5011 quodam
1760 4909 1889 4985 saneto

1125 5015 1418 5120 (Hermagoram
1452 5011 1622 5118 opinor)
1658 5039 1737 5090 eum
1771 5011 1891 5188 {ieris
