4214 6014
245 150 311 171 'x

93 403 102 407 -
208 392 293 477 3„
520 354 893 444 nrnsnnrnrro
933 356 1414 448 Vtcrsrrnnmrrn.
1658 393 1741 472 310

143 473 359 565 Timothei,
394 474 508 550 Mutii
547 475 727 557 Romani,
765 474 913 550 Calsan-
955 475 1154 553 A¹vitatis
1181 474 1298 550 causei
1324 495 1537 566 praetereo.
1565 474 1705 557 Adeat,
1741 473 1804 573 qui
1855 543 1858 548 .

144 580 200 657 dri
229 576 441 656 Salaminam
468 575 681 665 obfidentis,
709 577 913 667 Antiochi,

146 681 360 764 Annibalis,
387 678 561 761 Camilli,
586 679 786 776 Scipionis,
815 679 913 773 lphi-

147 786 276 875 cratis,
305 782 541 883 Agathoclis,
567 780 793 870 Alcibiadis,
826 781 915 855 Dio-

143 885 232 982 nyfii
245 936 257 970 ,
287 882 492 980 Pompisci,
520 881 699 981 Agesilai,
727 879 916 957 Cleandri-

145 989 233 1070 dae,
257 986 440 1066 Theliali,
462 983 723 1074 Leoliichidis,
749 985 917 1077 Myroni·

145 1090 228 1180 dis,
258 1086 550 1183 Epaminondae,
588 1084 781 1175 Perdicae,
810 1089 918 1158 Bren-

146 1194 217 1280 ni,
245 1192 388 1283 Syllae,
415 1190 601 1267 Caelaris,
638 1187 837 1270 Eumenis,
866 1193 918 1260 A·

138 1291 334 1377 ‘lexandri,
366 1289 586 1369 Pammenis,
613 1289 785 1370 Orontis,
811 1291 920 1362 Cleo-

147 1392 283 1475 menis,
311 1390 510 1482 Cleandri,
539 1389 708 1476 Solonis,
748 1394 919 1463 Memno·
964 1397 992 1468 B

148 1496 228 1582 nis,
269 1494 518 1582 Phormionis,
549 1488 778 1579 Phaeadatis,
807 1494 921 1565 Anxi-

149 1596 255 1672 laidis
272 1593 572 1677 Lacedaemonii,
587 1596 811 1693 aliorumque
829 1596 921 1668 ntul-

148 1713 291 1774 torum.
328 1699 526 1772 Succedunt
566 1718 728 1794 praecepta
764 1696 923 1770 militaria
973 1732 977 1746 ·

148 1816 190 1894 δι
219 1800 444 1915 spannpeaol
477 1799 839 1912 παραγγέλματοῖ.
871 1819 923 1889 0-

151 1948 218 2021 pus
246 1918 426 2016 prolixum
457 1915 526 1989 stne
556 1914 776 1991 Colleihoris
804 1916 924 1991 nomi·

150 2067 217 2117 ne.
244 2044 342 2115 Tum
366 2036 563 2136 Nicephori
594 2035 819 2134 Imperatoris
841 2019 925 2133 rapi

151 2151 399 2253 παραδρομῆς
429 2161 469 2229 de
495 2155 693 2240 excursione.
736 2153 926 2229 Dividitur

153 2265 253 2360 Opus
276 2259 313 2332 in
336 2263 519 2358 complura
540 2258 730 2357 Capitula.
759 2255 815 2331 Ibi
838 2281 925 2353 quo-

152 2389 222 2462 que
252 2364 437 2456 Anonymi
475 2372 561 2458 Opus
587 2362 730 2431 militare
766 2357 928 2459 legitur,

155 2464 311 2538 divisum
349 2466 388 2538 in
416 2465 586 2563 Capitula
614 2466 747 2534 xxxi.
775 2485 926 2560 quorum

155 2587 312 2689 primurn
350 2584 396 2659 eli
430 2567 516 2680 περὶ
554 2563 814 2658 casnedo-eos
856 2569 928 2650 &a

154 2692 294 2766 Multas
323 2713 364 2785 pa
391 2687 466 2759 inas
495 2683 644 2782 implet.
678 2683 829 2756 Sunt&
857 2679 928 2752 alia

153 2788 196 2866 in
220 2713 464 2866 Ambroianis
486 2784 711 2876 Codicibus,
737 2808 827 2882 quae
850 2781 927 2856 bre·

1027 581 1128 679 plura
1155 579 1283 677 cupit,
1309 578 1491 652 Gabrielis
1522 576 1684 653 Naudaei
1712 582 1803 670 Syn·

1030 699 1149 783 tagma
1168 680 1210 754 de
1229 680 1342 754 studio
1363 680 1541 764 militari,
1569 679 1704 754 editum
1729 683 1803 753 Ro·

1032 809 1109 856 mae
1146 787 1256 856 Anno
1302 785 1611 857 Mucxxxvtt.
1658 786 1804 856 Merno-

1031 905 1145 959 ratum
1175 886 1284 958 etiam
1312 884 1390 959 vidi
1427 884 1464 958 in
1494 884 1644 984 antiquo
1681 883 1803 959 Indice

1032 991 1140 1060 MSto
1162 986 1408 1062 Bibliothecae
1423 984 1638 1076 Urbinatis,
1658 985 1802 1061 tandem

1032 1089 1071 1164 in
1088 1089 1297 1164 vaticanam
1315 1088 1500 1179 inveblae,
1518 1087 1671 1164 Librum
1697 1115 1805 1162 manu

1033 1210 1215 1265 exaratum
1255 1219 1336 1266 cunt
1375 1192 1485 1266 hocce
1512 1191 1643 1265 titulo:
1673 1192 1806 1281 johan·

1035 1320 1091 1364 ner
1116 1295 1156 1364 de
1182 1301 1361 1386 Baduaro,
1398 1297 1442 1365 (J
1478 1291 1639 1391 Magister
1667 1292 1807 1365 Franci·

1028 1397 1100 1487 scus
1134 1397 1175 1467 de
1211 1395 1304 1491 Foffa
1339 1405 1380 1469 de
1414 1396 1521 1469 ordine
1558 1395 1734 1474 exercitus,
1761 1392 1806 1464 Θ·

1033 1499 1111 1569 aliis
1138 1498 1281 1572 bellicis.
1314 1501 1400 1593 Quo
1427 1500 1553 1572 Seculo
1591 1495 1645 1571 isti
1676 1493 1806 1571 florue-

1035 1598 1109 1672 rint
1135 1599 1301 1698 ignotum
1330 1600 1422 1675 mihi
1449 1599 1521 1675 est.
1555 1598 1721 1698 Denique
1748 1622 1806 1672 ce·

1035 1701 1164 1791 lebris,
1202 1699 1329 1798 suique
1364 1701 1466 1777 laude
1506 1701 1634 1803 dignus
1663 1699 1806 1775 videtur

1036 1806 1194 1875 Robcrrus
1236 1805 1403 1876 Valrurius
1444 1802 1703 1890 Ariminensts,
1741 1801 1806 1899 qui

1037 1907 1162 1977 Seculo
1202 1901 1338 1979 Christi
1380 1909 1460 1980 XV.
1497 1906 1693 1980 militarem
1732 1909 1806 1977 Ro·

1039 2029 1223 2078 manorum
1260 2003 1299 2079 &
1332 2011 1547 2082 Graecorum
1584 2025 1696 2078 artem
1733 2003 1806 2101 poli

1038 2110 1180 2182 Literas
1207 2106 1246 2179 in
1284 2106 1390 2181 ltalia
1417 2108 1620 2182 restauratas
1646 2103 1807 2203 explica·

1039 2210 1128 2290 vit,
1173 2205 1344 2306 suumque
1385 2207 1536 2285 Librum
1579 2204 1807 2307 Sigilmundo

1040 2307 1217 2385 Pandulfo
1256 2309 1461 2385 Malatestae
1499 2309 1663 2390 dicavit,
1700 2332 1807 2405 quent

1039 2439 1111 2487 non
1145 2411 1250 2487 semel
1286 2411 1449 2494 editum,
1485 2415 1595 2488 etiam
1633 2433 1739 2484 manu
1764 2437 1807 2485 o-

1040 2516 1105 2589 lim
1142 2513 1355 2612 descriptum
1393 2542 1472 2589 cum
1511 2514 1633 2617 figuris
1670 2511 1806 2587 machi-

1039 2643 1186 2711 narum,
1214 2615 1441 2694 Bibliotheca
1458 2614 1604 2695 Ellenlis
1622 2612 1801 2692 adservat.
