4214 6014
304 368 387 490 7‘19
567 372 1556 492 Antissvirmitiian
1733 391 1822 498 '726

243 494 404 566 Nummo
431 507 547 591 aperte
574 493 680 567 video
707 492 876 568 lineolam
911 493 1007 569 divi·
1047 504 1080 576 A
1114 522 1156 570 ex
1185 495 1240 569 bis
1267 494 1432 570 Mutinae
1458 497 1563 588 vidi,
1599 497 1667 571 boc
1703 503 1750 574 eil
1785 496 1878 602 apud

241 590 346 667 sionis
395 592 633 692 interpositam
674 595 768 668 inter
814 599 919 683 ME,
970 598 1005 669 &

242 697 445 784 TVLLO,
474 695 524 769 ita
552 715 592 770 ut
619 693 809 794 suspicioni
833 701 931 770 locus
952 696 1005 770 su-

241 794 365 896 persit,
402 797 534 868 Tullum
568 800 792 888 Leucorum,
832 801 1003 873 celebrem

241 896 382 973 Galliae
410 897 575 998 Belgicae
603 897 770 991 Urbem,
811 898 889 974 illic
932 926 1002 974 me-

240 998 396 1073 morari.
435 1002 475 1070 In
503 999 631 1098 pollicl
657 1004 755 1075 Crux
782 1025 862 1075 cum
889 999 1005 1075 literis

239 1103 476 1177 CAROLVS
512 1106 608 1175 iti-:x
655 1106 881 1176 FRancorum.
923 1107 1004 1177 Ma·

240 1228 412 1303 gnum-ne
439 1205 635 1294 Catulum,
660 1229 705 1276 an
728 1206 897 1279 Carolum
918 1207 1004 1279 Cal-

240 1330 325 1377 vum
363 1304 436 1405 ejus
481 1324 646 1403 nepotem
696 1303 884 1404 Inscriptio
920 1304 1004 1379 haec

1114 596 1271 669 nobilem
1300 597 1417 669 virum
1445 599 1690 674 Matcliionem
1731 602 1882 676 Bonisa-

1114 698 1209 772 cium
1257 697 1504 797 Rangonium,
1549 702 1731 776 Comitem
1766 704 1880 776 lisca-

1113 799 1212 873 nium
1242 803 1423 880 fontana,
1467 804 1637 889 joannem
1686 804 1893 902 Baptistam·

1112 897 1326 998 lngonium,
1361 899 1540 996 aliosque.
1578 900 1749 978 Amicam
1777 910 1881 980 Crux

1112 1019 1263 1098 occupat
1307 1027 1387 1075 cum
1433 1001 1570 1099 duplici
1610 1003 1880 1101 Inscriptione,

1111 1101 1179 1174 hoc
1214 1100 1280 1175 est:
1319 1105 1609 1177 LVDOVICVS
1647 1110 1754 1179 iiiiii.
1781 1109 1815 1180 bt
1845 1110 1878 1181 Β

1113 1206 1149 1275 Ν
1187 1205 1378 1276 DICTVm
1411 1207 1491 1279 SlT
1519 1209 1688 1280 NOMEn
1723 1211 1880 1285 DomiNI

1113 1303 1245 1389 Nolllll
1266 1307 1350 1376 DEI
1376 1307 1474 1377 IEsV
1504 1309 1647 1395 xristi.
1674 1309 1715 1384 ln
1746 1309 1880 1402 pollitl

240 1403 414 1504 defignet,
435 1405 652 1480 statuendum
678 1405 827 1480 mininie
846 1405 965 1481 sumo.
1042 1408 1084 1477 B'
1110 1403 1241 1502 legitur
1267 1408 1516 1491 TVRONVS,
1533 1412 1683 1490 Civis,
1713 1409 1798 1484 idest
1817 1412 1880 1482 ci-

291 1511 449 1600 Quattus
477 1510 655 1582 Nummus
681 1528 893 1604 argenteus,
930 1533 1002 1580 nia-

242 1606 326 1707 joris
363 1606 527 1695 moduli,
568 1607 623 1683 sed
666 1609 819 1683 laminae
851 1606 1004 1690 subtilis·

188 1796 195 1805 ἱ
240 1707 365 1799 limae,
418 1707 619 1783 Mediolani
661 1709 862 1783 adservatur
902 1735 1005 1805 penes

240 1808 550 1905 praeclarissimum
594 1810 709 1884 vitum
754 1808 1003 1884 Manthionem

239 1910 468 1985 Theodorum
491 1909 734 1984 Alexandrum
756 1911 1004 1986 Trivultium.

238 2012 411 2088 Antitam
438 2012 537 2085 Crux
565 2011 719 2109 implet,
747 2037 825 2084 cum
855 2013 1006 2086 circum·

238 2113 342 2188 dusll
366 2110 602 2211 inscriptione
621 2115 895 2188 HCAROLVS
927 2117 1005 2189 iii-

239 2219 422 2291 PERatrr.
450 2214 492 2290 ln
521 2213 648 2313 pollici
676 2213 872 2312 prospesius
894 2217 1004 2289 Tem-

1109 1507 1220 1592 or’rae,
1246 1507 1280 1576 δι
1301 1504 1338 1579 in
1361 1532 1439 1579 area
1459 1506 1583 1582 visitur
1603 1509 1736 1610 figura,
1764 1537 1876 1609 quam

1111 1604 1209 1702 supra
1235 1605 1360 1695 innui,
1397 1606 1450 1680 ita
1477 1611 1690 1705 composita,
1727 1631 1767 1686 ut
1803 1618 1880 1687 Ca·

1110 1707 1169 1780 slri
1190 1707 1312 1779 turriti
1334 1707 1625 1807 ichnographiam
1643 1712 1768 1786 reserre
1786 1741 1880 1788 nun-

1110 1833 1215 1904 quam
1245 1805 1368 1902 polsit:
1399 1810 1493 1906 quod
1521 1813 1687 1886 nonnulli
1715 1841 1759 1887 eir
1788 1819 1878 1890 Gal·

1110 1908 1191 1982 licis
1219 1908 1455 2007 Scriptoribus
1481 1909 1562 1986 sunt
1588 1914 1748 2012 opinati.
1776 1921 1879 2010 Qua-

1109 2035 1146 2082 re
1183 2010 1257 2084 veri
1301 2009 1449 2084 similior
1490 2013 1580 2086 milii
1619 2016 1773 2096 creditur
1798 2018 1877 2103 seri-

1109 2111 1223 2184 tentia
1269 2112 1414 2202 Ioannis
1474 2115 1627 2189 Villanii
1675 2120 1877 2198 Florentioi

1080 2267 1083 2287 Ι
1109 2210 1305 2304 Historici,
1333 2213 1517 2289 scribentis
1537 2217 1620 2292 Lib.
1638 2221 1670 2293 6.
1692 2223 1781 2318 Cap.
1795 2224 1879 2318 36.,

237 2317 317 2418 pli,
360 2341 438 2392 cuni
476 2314 591 2390 literis
618 2315 873 2408 circumpositis
904 2321 1002 2390 xiei-
1039 2317 1082 2415 C¹
1109 2313 1171 2388 ubi
1207 2313 1249 2387 de
1286 2317 1497 2414 captivitate
1534 2319 1653 2394 Sansli
1695 2321 1877 2398 Ludoiici

237 2420 429 2495 STlANA
461 2420 683 2492 RELlGlO.
720 2416 902 2518 Ejusmodi
930 2418 1004 2516 cpi-

237 2519 367 2620 gtaphe
415 2516 462 2593 usi
511 2518 589 2592 sunt
632 2521 780 2593 Carolus
826 2523 1002 2617 Magnus,

235 2624 386 2707 Carolus
414 2622 573 2712 Calvus,
601 2618 639 2694 dt
667 2623 817 2696 Carolus
840 2622 998 2695 Crassus:

235 2750 342 2823 quare
387 2722 585 2803 incertum,
627 2722 669 2795 ad
711 2747 906 2819 >quemnam
958 2750 1000 2796 ex

233 2824 329 2901 hisce
367 2823 480 2898 tribus
519 2825 793 2922 nuptiatoribus
823 2830 1000 2900 Nummus

233 2925 277 3001 sit
316 2924 534 3000 referendus.
575 2926 681 3018 Quod
721 2924 801 3000 heic
849 2927 1001 3009 mirere,

232 3026 357 3103 Caroli
381 3052 509 3100 nomen
531 3053 609 3099 cum
632 3032 680 3102 ll.
701 3025 895 3125 praeposito
917 3026 1000 3101 scri·

234 3147 333 3229 ptum
363 3127 456 3228 fuit3
495 3129 593 3225 cujus
628 3128 677 3201 rei
715 3130 853 3202 nullum
880 3153 1000 3201 exeni-

234 3233 330 3332 plum
361 3229 437 3303 vidi
465 3229 555 3326 apud
587 3231 855 3303 Le·Blantum.

282 3328 480 3423 Quinslum
511 3349 712 3430 argenteum
743 3329 890 3429 possidet
910 3329 997 3406 Mu·

230 3431 327 3509 tinae
355 3431 412 3506 vir
439 3431 572 3506 nobilis
599 3429 876 3507 Maximilianus
901 3437 996 3534 Cap·

230 3538 365 3637 pellus.
392 3533 448 3608 lbi
476 3537 575 3608 Crux
603 3532 639 3607 in
668 3560 767 3617 area,
795 3532 898 3609 &in
927 3540 994 3607 cir·

229 3637 328 3712 cuitu
357 3635 481 3710 literae
505 3633 609 3710 istae:
640 3639 995 3710 HLVDoVVICVS

227 3741 444 3811 IMPerater.
482 3734 524 3809 ln
563 3735 690 3835 pollici
725 3740 847 3823 Crux,
891 3738 925 3807 δι
955 3735 993 3808 in

226 3837 362 3913 limbo:
394 3840 650 3911 VENEclAS.
707 3837 868 3912 Similem
908 3837 991 3909 huic

226 3944 387 4017 Nummo
429 3942 652 4013 LeBlcncus
696 3938 867 4035 protulit.
910 3941 990 4009 Per·

225 4041 337 4117 cussus
364 4059 483 4112 autem
511 4038 582 4111 suit
608 4038 646 4110 io
667 4038 829 4111 Ciuitate
849 4038 990 4111 Galliae

225 4141 410 4231 Celticae,
456 4136 514 4213 seu
561 4134 710 4211 minoris
761 4129 1052 4230 Britanniae,E

223 4269 330 4342 quam
373 4266 465 4316 nunc
503 4244 628 4312 Verres
672 4239 878 4341 appellant,
928 4236 990 4314 sub

217 4343 414 4425 Ludouico
444 4341 510 4417 Pio
537 4338 716 4443 Augusto,
744 4339 887 4416 circiter
911 4343 988 4416 An·

222 4474 307 4526 num
336 4444 471 4522 Christi
501 4447 716 4519 ucecia.
735 4443 897 4518 Similem
917 4446 988 4519 Ca-

223 4550 373 4628 nonicus
403 4544 538 4621 Bertoli
568 4542 604 4618 in
633 4543 860 4621 collectione
883 4548 987 4619 MSta

220 4646 445 4728 liiruicruni
474 4644 755 4747 Aquilejenfium
791 4646 825 4720 se
863 4647 988 4721 vidilse

220 4754 382 4831 restatur.

271 4859 397 4930 Sextus
426 4857 603 4932 Nummus
630 4867 814 4950 argenteus
842 4850 887 4924 est
907 4854 981 4925 Tu·

218 4952 370 5032 nonensis
406 4984 426 5030 a
462 4954 589 5030 Sansio
636 4957 729 5054 Rege
771 4959 984 5026 francorum

220 5053 409 5139 Ludoiico
436 5061 499 5132 lx.
526 5053 718 5159 perculsus.
756 5057 841 5129 Non
876 5079 984 5127 unum

799 5239 828 5295 l

1109 2416 1208 2514 agit:
1239 2423 1302 2488 Pet
1327 2419 1515 2512 ricordanra
1539 2422 1629 2493 della
1654 2426 1744 2494 detta
1768 2422 1879 2518 presu-

1107 2543 1165 2598 να,
1192 2519 1343 2590 aceioseht
1378 2523 1531 2592 venderia
1568 2551 1606 2592 ne
1640 2521 1715 2616 false
1746 2526 1880 2614 fartae
1932 2560 1938 2571 ⁸

1103 2619 1253 2712 perlui,
1289 2646 1307 2688 o
1330 2622 1441 2714 persi
1459 2623 1530 2712 suoi
1557 2630 1701 2714 Bateni,
1738 2628 1765 2695 il
1790 2634 1878 2699 detto

1106 2727 1156 2791 Re
1183 2721 1263 2791 Lui's
1286 2720 1349 2808 fece
1371 2722 1441 2810 fare
1459 2725 1547 2796 nella
1569 2730 1702 2796 Moneta
1721 2728 1775 2796 del
1794 2735 1875 2799 Tor·

1105 2821 1173 2911 nese
1194 2817 1316 2917 graffo,
1341 2825 1385 2894 da
1410 2825 1476 2894 lato
1501 2826 1588 2895 della
1614 2827 1713 2917 Pila,
1742 2830 1772 2898 le
1791 2828 1872 2904 bove

1104 2924 1149 2993 da
1171 2923 1337 3018 tetigisses,
1364 2922 1448 2996 idest
1467 2928 1658 3018 Compedes.
1687 2932 1871 3004 Le·Blan·

1105 3050 1148 3096 co
1174 3042 1294 3097 tamen
1321 3024 1470 3099 minime
1498 3030 1666 3126 probatur
1698 3030 1871 3126 ejusmodi

1103 3123 1254 3221 opinio.
1304 3130 1429 3222 Neque
1469 3131 1772 3225 praetermittam,
1814 3159 1872 3208 me

1033 3227 1067 3297 D
1102 3222 1280 3297 occasione
1307 3224 1367 3297 illa
1394 3227 1553 3323 reperisse
1581 3231 1713 3302 multos
1750 3236 1873 3309 Turo-

1103 3325 1223 3399 nenses
1263 3325 1503 3416 adulterinos,
1544 3326 1605 3402 sub
1649 3331 1795 3405 nomine
1834 3341 1869 3411 S.

1103 3427 1285 3503 Ludovici
1313 3426 1435 3502 cusos.
1463 3430 1571 3523 Quod
1599 3431 1641 3504 ab
1667 3431 1869 3530 impostori-

1103 3530 1166 3603 bus
1193 3528 1354 3620 tatium,
1390 3547 1431 3617 ut
1464 3529 1503 3603 in
1540 3529 1633 3604 suam
1671 3560 1743 3607 rem
1783 3563 1870 3610 con·

1102 3650 1279 3704 verterent
1316 3630 1411 3727 piam
1448 3631 1679 3731 cupiditatem
1728 3638 1866 3734 gentis,

1101 3731 1271 3830 ejusmodi
1311 3737 1489 3807 Nummos
1524 3734 1664 3808 solicite
1714 3740 1865 3835 conqui-

1100 3833 1229 3905 tentis.
1266 3837 1320 3903 Ex
1357 3832 1452 3904 hisce
1488 3832 1671 3933 suppositis
1708 3837 1861 3915 foetibus

1100 3959 1207 4005 unum
1236 3931 1335 4019 uidi,
1363 3931 1593 4025 referentem,
1620 3937 1771 4036 eslypon
1798 3968 1866 4016 nu·

1100 4059 1160 4132 per
1185 4028 1421 4129 descriptum,
1458 4032 1515 4107 sed
1549 4062 1628 4110 cum
1659 4039 1885 4139 inscriptio,

1098 4160 1143 4207 nc
1169 4132 1235 4207 hac
1262 4160 1444 4233 perperam
1476 4140 1638 4226 exarats,
1674 4144 1707 4213 δι
1747 4144 1865 4227 impo-

1098 4235 1226 4310 liuram
1266 4233 1376 4332 ipsam
1405 4236 1488 4312 satis
1530 4241 1718 4329 prodente,
1754 4244 1868 4320 nimi·

1098 4363 1198 4412 tumt
1229 4339 1459 4414 BNDiCTv
1486 4343 1565 4415 SlT
1589 4347 1734 4422 NVr'iE
1770 4348 1866 4422 DNI

1102 4443 1182 4514 Piei
1209 4443 1295 4512 DEI
1321 4444 1404 4515 iiii.

1150 4543 1346 4642 Septimum
1376 4548 1570 4618 Nummum
1598 4540 1726 4617 itidem
1759 4548 1864 4624 exhi·

1100 4644 1187 4726 beo,
1214 4669 1318 4740 quem
1340 4643 1492 4741 spurium
1514 4642 1660 4718 censeo.
1687 4648 1786 4739 Quid
1807 4652 1864 4726 di-

1099 4743 1275 4819 scriminis
1331 4742 1373 4814 fit
1420 4743 1516 4817 inter
1561 4742 1863 4846 inscriptionem,

1099 4873 1203 4945 quain
1231 4844 1268 4918 io
1296 4846 1453 4943 germani
1484 4847 1634 4921 Nummi
1661 4847 1777 4924 limbo
1799 4879 1865 4929 nu-

1100 4976 1160 5048 per
1198 4947 1421 5045 legebamus,
1465 4949 1500 5020 &
1537 4946 1664 5040 istam,
1705 4952 1864 5038 Lettor,

1100 5053 1157 5124 uel
1185 5075 1240 5123 me
1267 5066 1428 5132 tacente,
1463 5049 1670 5150 digncscet.
1716 5054 1769 5226 lp·
1799 5081 1864 5151 po·

1757 5180 1816 5229 ica
