4214 6014
555 320 922 414 nrrranrurro
966 260 1514 412 mammatammr:
1701 332 1791 438 ,74-

222 473 266 522 an
312 442 478 521 secundus
513 446 743 518 Guillielmus
781 447 857 517 Rex
898 441 982 516 delr-
1022 447 1054 517 A
1090 438 1212 510 aericus
1237 442 1282 512 ll.
1309 463 1413 537 puer,
1440 436 1552 537 pollea
1579 439 1793 536 Imperator,
1829 468 1851 518 a

250 571 375 623 netur.

223 576 246 650 g
276 651 451 747 Septimus
479 653 657 723 Nummus
683 674 801 739 aereus
827 644 982 722 Crucem

223 750 262 824 in
288 777 366 824 area
391 756 542 851 gemmis
568 767 728 822 ornatam
750 751 853 821 uobis
871 749 999 822 osten·¹

221 851 297 932 dit,
332 878 412 925 cum
448 850 637 951 epigraphe
662 852 886 924 TANCRE.
917 849 985 923 hoc

221 951 291 1037 est,
318 959 523 1036 Tauereaur,
550 953 588 1022 in
615 951 759 1024 Siciliae
789 955 919 1048 Regem
947 978 984 1023 e·

147 1101 149 1106 =
221 1052 333 1127 lellus
377 1058 485 1125 Anno
524 1049 659 1126 Christi
703 1055 985 1126 Mchxxm.

224 1157 265 1227 In
304 1152 452 1251 posticae
492 1152 609 1225 medio
651 1151 773 1227 uisitur
808 1155 854 1226 T.
890 1152 985 1225 indi-

223 1280 336 1336 cans,
373 1274 412 1327 ut
447 1253 629 1341 arbitror,
669 1252 783 1327 rursus
828 1253 986 1326 Tanereai

1092 539 1278 625 Constantia
1324 539 1442 612 Sicula
1491 557 1603 612 matre
1650 541 1850 619 educatus.

1094 639 1246 715 Proinde
1262 641 1304 713 ad
1317 667 1378 714 eos
1397 637 1528 738 {pellat
1542 642 1717 717 Secundus
1734 647 1851 719 Num·

1095 769 1196 825 mus,
1223 742 1260 813 in
1288 742 1387 840 cujus
1413 743 1522 814 alterd
1546 740 1636 818 facie
1661 740 1786 837 Crux,
1812 743 1853 822 δε

1095 846 1440 918 CONSTANCIA.
1462 846 1505 934 R.
1524 841 1608 917 idest
1634 851 1784 942 Regina.
1812 852 1854 921 In

1094 948 1204 1018 altera
1240 944 1395 1018 occurrit
1430 942 1567 1043 Aquila
1601 943 1641 1020 ἃ
1677 952 1857 1022 FREDE-

1099 1050 1252 1119 RICVS.
1282 1050 1323 1118 R.
1350 1043 1434 1119 idell
1460 1053 1551 1119 Rex.

1149 1147 1295 1221 Tertius
1330 1171 1468 1226 aereus,
1505 1146 1578 1247 poll
1611 1148 1736 1224 matris
1762 1177 1859 1227 mor·

1098 1266 1170 1322 tem
1200 1249 1370 1346 perculsus
1397 1276 1417 1323 a
1445 1251 1607 1320 Friderr'ea
1633 1255 1676 1324 11.
1703 1250 1860 1329 Crucem

222 1353 330 1455 ipfius
365 1380 524 1438 nomen,
558 1355 687 1426 coroni
724 1352 985 1453 superimpositi
1033 1348 1059 1415 Β
1100 1348 1263 1423 similiter
1289 1348 1464 1448 praefert,
1491 1371 1650 1424 ornatam
1678 1352 1793 1428 literis
1822 1362 1860 1431 F.

223 1453 452 1552 insignitum.
479 1452 721 1530 Circumstant
738 1455 864 1530 literae
886 1458 983 1528 REX

222 1559 421 1631 SlClLlE.

274 1656 432 1732 Odiarus
460 1661 638 1732 Nummus
664 1676 865 1758 argenteus.
881 1656 921 1731 in
948 1683 984 1730 a·

223 1783 282 1831 rea
318 1758 478 1831 continet
523 1758 674 1854 ejusdem
714 1760 820 1859 Regis
856 1784 984 1831 nomen

225 1857 424 1931 breviatum
452 1861 759 1933 TANCREDVS
799 1863 892 1930 REX
930 1862 986 1930 Sl·

226 1963 324 2033 ClL.
354 1962 393 2031 ln
431 1961 545 2031 limbo
580 1961 710 2031 lemma
749 1962 986 2032 DEXTERA

227 2061 392 2134 DOMiui
418 2062 721 2134 ExALTAvtT
741 2065 836 2133 ME.
865 2064 904 2131 In
926 2086 989 2157 po·

1102 1455 1197 1523 DEI.
1224 1455 1269 1525 G.
1297 1454 1407 1526 REX.
1435 1453 1573 1527 SIClL.
1602 1456 1643 1525 In
1671 1455 1787 1528 auersa
1807 1456 1860 1531 fa·

1101 1553 1154 1624 cie
1181 1576 1324 1625 acervus
1351 1552 1546 1649 spicarum.
1573 1552 1596 1624 st
1619 1556 1858 1652 conjediuram
1977 1606 1979 1610 >

1104 1658 1276 1751 Vergarae
1302 1653 1489 1743 audimus,
1516 1654 1690 1738 author,
1717 1685 1796 1731 cum
1823 1688 1862 1734 e·

1102 1752 1975 1852 mmmmmnmumAEM.·

1101 1854 1184 1927 idest
1212 1859 1355 1925 Duratus
1376 1855 1545 1950 Apuliae,
1572 1858 1777 1954 Principarus
1794 1869 1863 1936 Ca·

1099 1979 1211 2046 puae.
1261 1956 1334 2026 Hic
1376 1960 1553 2030 Nummus
1592 1978 1674 2032 ante
1713 1965 1863 2038 Annum

1100 2052 1234 2128 Christi
1262 2057 1455 2130 Mccxx.
1482 2059 1653 2148 percullus
1680 2059 1770 2135 luit.

226 2159 309 2232 ilica
340 2161 510 2232 Arabicae
537 2162 683 2251 literae,
710 2186 797 2258 quas
824 2159 905 2232 aliis
933 2163 985 2233 iu·
1055 2241 1066 2257 .
1152 2158 1310 2247 Quartus
1345 2181 1490 2246 aereus,
1517 2160 1708 2232 abeodem
1738 2163 1865 2239 Frede-

134 2342 136 2346 ,
227 2260 466 2351 terpretandas
493 2260 665 2334 dimitto.
854 2354 858 2360 Ι

279 2365 405 2436 Nonus
418 2361 505 2434 item
522 2381 704 2460 argenteus
715 2360 872 2436 eamdem
891 2389 987 2460 prae·

188 2516 193 2524 ·
226 2462 296 2537 fert
321 2461 534 2562 epigraphen
555 2467 863 2538 TANCREDVS
893 2469 987 2536 REX

225 2566 366 2638 SlCll..
403 2565 557 2636 Arabica
594 2563 780 2656 inscriptio
824 2562 987 2660 posticam

227 2664 379 2763 implet,
406 2689 511 2762 quam
537 2663 683 2761 quidem
711 2662 809 2736 sicuti
832 2662 870 2737 ἃ
893 2691 987 2760 prae·
1037 2679 1039 2685 ’

228 2766 432 2854 cedentem,
471 2791 555 2837 num
595 2791 674 2861 prae
710 2764 879 2837 retullate
914 2763 987 2838 lue-

226 2864 302 2937 rint
329 2863 444 2950 redle,
480 2863 518 2936 ἃ
547 2864 674 2961 abique
700 2865 836 2937 mendis
862 2865 989 2938 descri-

229 2984 335 3064 ptae,
364 2962 528 3065 praeliare
554 2967 659 3037 nolo.

1034 2242 1067 2316 C
1102 2255 1175 2329 rico
1203 2255 1250 2328 ll.
1278 2254 1376 2329 cusus
1404 2257 1476 2357 post
1495 2261 1642 2333 Annum
1671 2264 1865 2342 MCCXX.

1101 2383 1172 2452 quo
1200 2356 1423 2450 imperialem
1452 2385 1618 2432 coronam
1647 2365 1781 2440 Romae
1808 2367 1865 2442 su·

1103 2456 1233 2554 scepit,
1260 2457 1375 2530 immo
1400 2461 1434 2532 u
1464 2459 1536 2557 poll
1560 2464 1705 2536 Annum
1734 2469 1865 2543 MCC·

1106 2561 1237 2630 lllllll.
1277 2585 1349 2654 quo
1384 2560 1707 2655 Hierosolymitani
1750 2569 1864 2668 Regni

1105 2662 1250 2734 titulum
1277 2659 1324 2732 est
1350 2663 1576 2757 alitquutus,
1610 2663 1650 2737 in
1686 2693 1763 2741 area
1800 2673 1863 2744 ha.

1103 2761 1162 2833 het
1190 2764 1261 2830 FR.
1289 2759 1372 2832 idest
1399 2765 1605 2851 fredericus,
1641 2768 1681 2837 ἃ·
1714 2767 1752 2841 in
1779 2771 1866 2846 lim.

1105 2863 1149 2934 bo
1177 2864 1299 2934 ROM.
1327 2864 1638 2938 IMPERATOR.
1667 2868 1707 2941 ln
1735 2872 1866 2968 postica

1106 2961 1227 3034 visitur
1252 2959 1354 3035 Crux
1383 2989 1461 3036 curn
1494 2963 1609 3039 literis
1637 2970 1757 3044 IESA.
1785 2978 1863 3049 ET.

966 3098 972 3106 ·
1103 3066 1240 3136 SlClE.
1278 3067 1320 3136 R.
1355 3061 1440 3136 idest
1476 3068 1673 3162 Hierusalem
1708 3092 1756 3151 (γ’
1781 3078 1866 3147 ςὶςξ.

229 3167 385 3240 Hmrr'cur
413 3171 449 3240 V.
480 3164 563 3241 iuter
586 3167 770 3264 Augustos.
806 3169 991 3243 fredericus
1043 3154 1072 3220 D

278 3272 324 3340 11.
351 3271 549 3356 Imperator.
585 3276 750 3341 Corradus
778 3279 940 3344 Romana-

363 3394 432 3438 rum
459 3378 564 3455 Rerr,·
590 3372 634 3439 Θ·
660 3370 855 3458 Marrfredus

467 3470 600 3543 Siciliae
625 3478 753 3566 Reges.

335 3669 422 3740 Nno
445 3665 579 3742 Christi
607 3670 820 3742 MCXCIII.
839 3664 879 3741 ἃ
899 3670 994 3742 MC-

236 3824 249 3861 4
362 3771 493 3841 XCIV.
523 3769 678 3839 Hearicus
704 3774 759 3841 Vl.
786 3769 880 3841 inter
904 3773 991 3842 Ger·

228 3894 369 3942 tnantae
397 3872 534 3968 Reges,
568 3872 603 3941 δι
642 3875 679 3943 V.
716 3868 811 3944 inter
838 3870 992 3967 lmpera·

229 3988 345 4060 tores,
382 3969 582 4043 uniuersum
621 3975 779 4069 Regnum
822 3971 992 4068 Neapoli·

229 4046 1067 4168 ammummmmnmmffnss

230 4174 327 4244 tibus
354 4170 556 4254 lelanriar
594 4172 730 4242 Siculae
758 4173 878 4244 uxoris
914 4171 993 4245 suae

231 4272 334 4347 ulus.
362 4275 483 4366 Quare
509 4271 642 4365 primus
670 4297 786 4343 aereus
815 4275 992 4346 Nummus

231 4371 344 4468 ipsum
365 4372 529 4468 respicit.
555 4373 595 4443 In
614 4371 731 4443 antica
752 4368 875 4443 visitur
892 4376 992 4447 Crux

231 4476 265 4547 ἃ
306 4474 494 4574 epigraphe
531 4477 570 4545 Ε.
609 4475 923 4552 lNPERATOR‚
960 4475 991 4546 i-

231 4573 301 4647 dest
328 4577 483 4646 Emicat.
522 4574 564 4649 ln
602 4573 728 4660 postica
756 4573 913 4644 cernitur
941 4577 991 4646 A·

232 4675 331 4770 quill
355 4701 433 4747 curn
459 4675 575 4748 literis
592 4680 635 4750 C.
656 4677 993 4767 lNPERATRlX,

232 4772 318 4850 idest
343 4775 550 4858 constantia.

284 4880 415 4947 Eorum
453 4872 548 4949 filius
593 4874 631 4947 in
675 4880 798 4975 Regno
844 4895 993 4973 utroque

231 4977 388 5059 lueccffit
404 4979 515 5051 Anno
529 4972 663 5052 Christi
682 4981 893 5054 mcxcix.
912 4986 993 5051 Fre·

1103 3166 1168 3236 liae
1194 3173 1283 3237 Rex.

1154 3265 1334 3360 Quindlus
1359 3295 1478 3344 aereus
1504 3289 1611 3372 caput
1635 3272 1781 3351 exhibet
1811 3277 1867 3370 ip·

1104 3364 1169 3439 fius
1197 3368 1370 3441 frederici
1400 3371 1437 3442 in
1465 3399 1567 3447 area.
1597 3373 1866 3454 Circumambi-

1105 3487 1162 3541 tur
1180 3464 1296 3541 literis
1318 3473 1355 3540 F.
1377 3475 1499 3545 ROM.
1519 3477 1610 3545 lPR.
1630 3479 1728 3547 SER.
1749 3485 1866 3553 AVG.

1104 3567 1172 3636 hoc
1199 3569 1269 3649 est,
1305 3573 1491 3638 fredericus
1525 3580 1738 3647 Romanorum
1764 3583 1867 3674 impr-

1106 3683 1191 3734 rator
1223 3666 1345 3757 semper
1381 3669 1582 3763 Augustus.
1625 3677 1707 3748 Pars
1749 3679 1866 3755 aversa

1106 3765 1211 3837 habet
1247 3765 1417 3866 Aquilam
1438 3769 1492 3841 'in
1529 3797 1632 3854 area,
1669 3773 1707 3849 dt
1743 3778 1866 3854 literas

1108 3869 1149 3939 R.
1179 3869 1329 3942 IERSL.
1348 3872 1427 3942 ET.
1446 3874 1585 3947 SlClL.
1612 3872 1767 3969 huetii,
1794 3889 1889 3954 Rere‘·
1980 3926 1985 3934 ·

1106 3967 1303 4056 Hierusalem
1329 3966 1376 4047 ὠ
1402 3972 1561 4048 Siciliae.

1156 4073 1282 4143 Sextus
1318 4093 1521 4168 argenteus,
1550 4080 1723 4178 Vergarae
1757 4081 1867 4160 mini·

1106 4195 1162 4240 rne
1198 4191 1328 4257 notus,
1368 4176 1581 4249 Placentiae¹
1602 4181 1803 4258 adservatur
1828 4185 1868 4258 in

1106 4268 1232 4342 Museo
1275 4276 1513 4348 Reverendils.
1549 4279 1703 4352 Abbatis
1744 4281 1867 4356 Cano-

1107 4395 1177 4440 nrc.
1209 4372 1369 4466 Regular.
1396 4373 1633 4473 Chiappinii.
1670 4378 1725 4452 Ibi
1761 4402 1867 4480 caput

1325 4472 1864 4654 itinerantium

1107 4598 1319 4744 iiiiiaiacie
1345 4673 1447 4750 Crux
1482 4705 1563 4752 cum
1601 4634 1724 4757 literii
1744 4610 1869 4760 Riihl.

1046 4779 1048 4783 ’
1109 4776 1209 4847 ΙΜΡ.
1248 4777 1365 4847 AVG.
1406 4783 1526 4869 Quum
1568 4785 1664 4856 nulla
1705 4782 1785 4857 heic
1825 4785 1867 4861 lit

1110 4874 1244 4948 mentio
1276 4878 1383 4970 Regni
1415 4879 1734 4956 Hierosolvmitani
1754 4887 1789 4959 dc
1811 4890 1867 4963 Si-

1109 4976 1207 5060 culi,
1247 4975 1327 5049 ideo
1371 4981 1546 5055 Nummus
1587 4983 1728 5060 videtur
1768 4988 1869 5066 culus

1241 5076 1313 5151 Η
1362 5104 1384 5154 2
1738 5109 1820 5166 ante
