4214 6014
233 357 316 462 361
509 335 880 429 orurmrnmo
927 332 1484 429 moasrmmrmmm
1676 350 1756 460 35,

183 501 188 511 '
223 464 323 560 Qlld
351 475 466 536 misem
491 460 659 552 papali„
686 459 833 557 pecunia
860 458 936 532 sue·
976 462 1009 536 A
1053 453 1137 530 idest
1165 450 1258 548 Papa
1283 454 1479 530 Benedidlue
1515 461 1725 546 Undecimus,
1763 465 1820 541 vif

174 565 248 648 rit,
277 569 535 662 incompertum
564 560 656 634 milti
684 560 822 635 lateor.
861 558 938 635 Aut

176 671 220 742 ab
247 666 375 768 lnfigni
402 663 592 767 gentilicio
616 663 736 760 (nune
756 671 859 736 Arme
878 688 940 763 ap·

153 771 370 869 pellamus)
398 766 599 846 senatoris,
625 790 754 838 nornen
782 765 938 840 inditum

175 875 360 946 Denatiis:
401 866 552 943 sortaffis
580 866 676 940 enim
704 869 940 960 dulciculum,

171 999 279 1074 quem
310 982 433 1064 Papera
466 970 589 1042 italica
628 969 769 1070 Lingua
806 994 940 1044 nuncu·

173 1095 257 1176 pat,
293 1073 360 1148 ille
394 1099 458 1168 pro
496 1069 625 1170 insigni
660 1074 826 1169 gerebat:
866 1076 942 1146 Aut

175 1173 351 1275 abipstus
378 1173 556 1247 Senatorio
585 1173 731 1246 nornine
753 1190 813 1246 aut
834 1200 942 1273 agno-

176 1278 293 1352 mine.
319 1283 483 1373 Papaeone
501 1274 657 1347 nobilem
680 1275 797 1347 virum
818 1274 943 1350 inscri-

1052 549 1243 661 smgularis
1255 552 1481 642 saritimtlss·
1494 562 1562 660 qui‘
1579 568 1688 640 Anno
1708 565 1819 641 Cliti·

1052 661 1092 736 iti
1120 664 1333 737 meoet-11.
1350 664 1404 736 -ad
1424 662 1568 739 sol-iuni
1607 667 1820 744 Fontilieale

1053 762 1195 837 etesius
1222 757 1318 839 laite—
1345 754 1391 839 ln
1411 752 1545 863 poliiea
1569 756 1658 843 liuie'
1683 768 1819 846 Gletes

1051 864 1188 940 ereilae
1215 887 1294 940 cum
1323 866 1438 942 literis
1473 867 1567 942 hisce
1594 872 1820 972 circumpos-

1055 967 1102 1040 tis
1131 970 1163 1041 S,
1194 972 1334 1043 PETR.
1364 974 1758 1051 PATRlMONlVM.
1804 1012 1810 1021 ·

1108 1071 1282 1145 Secundus
1308 1074 1508 1162 Nummus,
1535 1074 1598 1171 qui
1625 1080 1757 1175 primus
1775 1076 1839 1151 est⁴

1057 1171 1152 1245 int'er
1178 1173 1293 1247 editos
1320 1200 1338 1247 a
1367 1174 1757 1256 Balaam-Clementem
1784 1186 1823 1255 V.

1061 1264 1273 1348 i'ontilioem
1301 1276 1474 1368 exhibet,
1513 1277 1614 1354 satri·
1631 1280 1741 1353 Tiarl
1766 1306 1825 1353 or-

176 1400 276 1482 ptum
304 1381 440 1478 reperio
468 1378 504 1450 in
533 1375 678 1450 Musrvo
708 1381 870 1450 Romano
891 1376 940 1452 se·
982 1381 1011 1456 B
1057 1394 1182 1448 natum
1198 1422 1210 1458 ,
1237 1377 1380 1452 dexteri
1407 1380 1698 1471 benedicentem,
1725 1384 1760 1456 δι
1782 1380 1825 1454 li·

175 1480 312 1580 quiorie
346 1479 447 1561 aeti,
484 1478 580 1579 quod
606 1477 837 1579 Ciampioius
865 1504 943 1553 aere

66 1593 69 1599 '
175 1582 325 1658 incisum
359 1581 459 1656 dedit
486 1582 595 1654 Tom.
630 1580 657 1654 l.
696 1606 773 1681 pag.
802 1584 860 1656 82.
890 1586 942 1655 U·

175 1686 257 1784 sque
284 1684 325 1757 ad
355 1682 503 1755 initium
542 1682 656 1755 Seculi
687 1686 785 1755 xiv,
811 1684 942 1758 defide-

176 1804 298 1861 rantur
315 1786 463 1859 Nummi
484 1783 569 1881 jussu
589 1788 829 1858 Romanorum
850 1790 942 1859 Pon·

176 1888 315 1962 tifieum
339 1883 503 1984 percuffi.
532 1885 667 1957 Mirum
690 1902 808 1958 tamen
830 1885 943 1969 foret,

177 1989 201 2062 fi
230 1986 438 2067 Bonifatius
476 1989 577 2059 Vlll.
606 1988 663 2061 vir
698 1988 840 2087 grandis
867 1989 945 2062 ani-n

179 2092 229 2165 mi
248 2091 457 2191 neglexisset
478 2087 646 2162 illustrem
667 2084 757 2162 lianc
773 2088 825 2162 sui
843 2092 943 2162 Prin-

177 2195 315 2291 t'ipatus
353 2190 634 2291 praerogativam
654 2245 664 2279 ‚
688 2191 843 2289 ¹quando
880 2195 943 2267 Be·

178 2397 239 2470 suo
277 2396 355 2470 usus
390 2395 694 2494 deprehenditur,
734 2400 864 2479 Porro,
901 2424 945 2470 ex

175 2526 247 2597 quo
274 2500 312 2573 in
340 2501 502 2587 Gallias,
534 2509 640 2596 atque
669 2499 898 2573 Avenionem
927 2528 947 2573 a

178 2605 368 2675 Clemente
396 2606 441 2674 V.
468 2601 579 2674 Curia
610 2605 769 2673 Romana
798 2603 943 2674 transla-

176 2719 213 2776 ta
240 2701 336 2785 suit,
364 2701 557 2782 novimus,
594 2718 680 2776 tunc
707 2703 745 2773 in
775 2702 900 2801 primis
926 2730 946 2777 a

177 2803 323 2878 summis
362 2801 598 2876 Pontificibus
634 2802 800 2902 signatam
843 2803 945 2878 fuisse

176 2904 399 3005 pecuniam.
443 2908 490 2976 Et
530 2902 698 3000 quosdam
741 2904 884 2994 quidem
925 2932 946 2979 e

179 3007 349 3084 Numinis
374 3005 427 3079 ibi
457 3002 619 3105 pereuffis
644 3003 801 3078 servivit
821 3005 945 3099 nobis,

178 3108 386 3209 publicique
411 3109 499 3206 juris
526 3100 611 3180 lecit
633 3105 800 3184 Baluz²us
819 3105 857 3179 in
881 3110 943 3182 vi-

1058 1476 1162 1550 nilird
1189 1478 1377 1581 gestantem
1414 1478 1567 1557 Crucem
1580 1522 1596 1564 ·,
1632 1504 1711 1557 cum
1748 1484 1826 1582 epi·

1059 1580 1189 1678 graphe
1225 1576 1466 1658 CLEMENS
1507 1588 1638 1658 ΡᾹΡΑ
1675 1588 1827 1679 QVIN-

1058 1685 1186 1771 Tvs:
1214 1684 1277 1781 qui
1314 1688 1425 1758 Anno
1460 1683 1595 1762 Chrilli
1632 1691 1827 1763 MCCCV.

1057 1782 1191 1856 elesius
1226 1785 1316 1858 l'uit.
1353 1786 1395 1859 ln
1432 1790 1542 1861 alteri
1567 1787 1671 1864 Crux
1707 1812 1825 1864 areant

1059 1883 1186 1980 implet
1214 1910 1294 1957 cum
1331 1887 1467 1961 duobus
1503 1890 1627 1963 limbis
1664 1890 1824 1967 circum.

1061 1982 1297 2087 Breviorlras
1324 1987 1445 2060 literae
1473 1990 1624 2089 praefert
1642 1994 1826 2085 comm

1062 2082 1349 2167 venusini,-
1380 2086 1465 2160 idesi
1504 2092 1712 2165 Comitatus
1754 2097 1827 2166 Ve-

1060 2185 1259 2293 naylimum
1288 2187 1352 2261 -setr
1372 2189 1627 2265 -Vindascinus
1660 2192 1828 2271 tn-Pro-

25 2308 29 2314 ’
177 2295 339 2369 nediilus
368 2295 431 2369 xl.
459 2295 534 2393 ejus
558 2289 739 2367 'Suceelior
774 2296 850 2395 jure
879 2296 945 2368 hoc
985 2288 1020 2365 C
1051 2289 1208 2380 uinti'tf·
1242 2289 1299 2363 eui
1326 2291 1396 2391 jam
1424 2290 1678 2383 dominabatur
1700 2292 1827 2372 ecete-

1061 2391 1104 2464 ba
1127 2397 1306 2464 Romana.
1335 2391 1465 2467 Latios
1491 2396 1630 2469 limbus*
1648 2397 1753 2472 babet
1772 2402 1828 2474 A·

1059 2492 1171 2566 GlM:
1202 2492 1317 2566 TlBl:
1348 2498 1467 2567 GliA:
1490 2500 1828 2585 ommipotens
1856 2564 1861 2574 .

1065 2598 1140 2669 DE:
1163 2616 1290 2694 nempe
1307 2598 1450 2690 Agimus
1467 2599 1532 2670 tibi
1546 2603 1829 2697 grat'ias,·.0mni-

1059 2696 1302 2786 parensium.
1341 2703 1448 2799 Supra
1466 2698 1641 2776 uisuntur
1666 2696 1830 2803 'geminat

1057 2796 1214 2877 Glauce,
1242 2798 1390 2897 insignia
1422 2806 1600 2876 Romanae
1628 2803 1828 2884 Ecclesiae.

1059 2922 1063 2929 ·
1111 2901 1259 2972 Tertius
1288 2905 1488 3003 Nummus,
1521 2928 1540 2975 a
1568 2906 1720 2980 Baluzio
1745 2928 1828 3006 pro·

1060 2998 1209 3085 dubins,
1237 2998 1394 3101 &apud
1415 3006 1725 3105 &vercellinum
1746 3010 1830 3082 Ma-

1063 3102 1151 3174 riam
1192 3104 1487 3195 vicecomitem,
1523 3106 1672 3181 'exhibet
1709 3112 1830 3208 prot'o·

176 3210 224 3286 tia
268 3213 436 3305 Paparum
476 3207 809 3311 Avenionensrum3
856 3234 944 3307 quos
992 3211 1033 3278 D'
1063 3228 1143 3277 men
1175 3208 1308 3278 Romae
1336 3204 1436 3305 supra
1462 3207 1550 3283 duos
1578 3213 1718 3286 Leones
1747 3210 1831 3289 infi-

176 3331 360 3411 propterea
389 3310 473 3385 lruie
500 3309 613 3400 Operi
646 3312 685 3383 in
714 3316 942 3385 commolum

177 3415 407 3487 Eruditorum
434 3410 619 3509 adjunbios
641 3413 745 3485 volo.
775 3413 831 3484 nd
858 3411 944 3486 baec

176 3521 287 3588 Anno
304 3517 533 3586 MDCCllV.
556 3513 729 3584 liuterius
750 3513 855 3586 scilla
878 3514 944 3589 Li-

177 3618 280 3688 brum
318 3614 360 3685 de
397 3614 545 3682 Nummis
582 3612 764 3699 Pontifieie's
801 3638 820 3684 a
855 3611 944 3687 Cle-

180 3719 370 3790 menteV.
399 3712 505 3811 usque
541 3709 583 3786 ad
618 3713 843 3787 Clementem
883 3714 944 3790 lsi,

49 3861 54 3867 =
182 3817 353 3892 Romanis
369 3817 465 3913 typis
486 3814 685 3914 impreffum
705 3815 843 3907 euadit,
864 3817 948 3911 nul-'r

177 3923 215 3994 lo
242 3936 359 3992 tamen
389 3918 512 3990 addito
537 3941 658 3990 eorum
687 3915 835 4017 eslypo.
872 3920 944 3993 De·

179 4021 288 4119 nique
317 4019 528 4094 Benediitus
566 4023 795 4093 Floravantes
832 4045 850 4092 a
886 4046 945 4095 me

181 4125 281 4222 supra
309 4122 471 4194 laudatus
499 4139 744 4218 argumentum
773 4121 841 4193 ltoe
860 4125 945 4196 ub'e-

179 4228 253 4301 rius
280 4222 479 4317 illustravit
501 4222 613 4295 altero
634 4221 747 4294 Libro
775 4223 846 4315 poll
871 4224 946 4299 e‘us

179 4347 331 4402 mortem
359 4352 380 4399 a
409 4323 579 4423 Philippo
604 4320 710 4395 fratre
736 4321 855 4396 edito.
875 4251 946 4398 ix

179 4429 254 4528 eius
282 4430 402 4515 labore
436 4429 472 4501 δι
510 4452 576 4527 ego
612 4422 827 4521 proficiens,
864 4423 956 4525 inde·

181 4528 275 4603 ltauli
296 4568 313 4621 ·,
353 4536 443 4629 quae'
477 4529 552 4603 visa
593 4526 674 4600 sunt'
712 4524 952 4631 consentanea¹

182 4630 347 4706 instituto
375 4658 474 4703 meo.
934 4638 952 4653 ''

234 4737 357 4830 ltaque
386 4734 524 4804 Primus
552 4736 730 4805 Nummus
758 4755 899 4814 aereus,
928 4756 947 4804 a

182 4834 293 4927 stilla
320 4836 352 4905 St
391 4835 622 4906 Floravante·
641 4832 854 4926 prodamus,
891 4830 948 4905 bi·

182 4938 239 5012 ste
275 4932 390 5009 literis
426 4933 575 5033 ligimus
611 4931 656 5006 esi
687 4936 760 5008 te.
799 4937 947 5007 BENE·

128 5120 131 5125 ,
183 5042 320 5119 niet,
349 5040 434 5117 VN,
461 5061 542 5126 cum
575 5031 696 5115 Cruce
730 5037 769 5114 iu
806 5034 951 5120 mediae

1063 3305 1213 3385 dentis,
1244 3305 1308 3377 nifi
1345 3307 1406 3380 sub
1439 3335 1481 3400 ea
1513 3308 1629 3411 figura
1657 3313 1829 3399 faldisto-

1062 3405 1182 3495 rium,
1210 3423 1274 3478 aut
1300 3407 1419 3481 sellam
1458 3408 1670 3508 defignatam
1708 3416 1829 3508 potius

1061 3506 1248 3607 opin.ene.3
1271 3510 1369 3580 Haec
1395 3506 1447 3580 ibi
1475 3507 1663 3608 inscriptio
1683 3514 1831 3593 ΙΟΗΒ

1068 3609 1199 3677 ΡΑΡΑ
1230 3604 1345 3679 xxti.
1362 3611 1544 3685 comm.
1564 3606 1830 3699 VENASlNl.

1060 3709 1195 3780 Altera
1216 3704 1329 3780 tactae
1352 3707 1512 3785 crucem
1530 3713 1577 3787 in
1597 3738 1674 3791 area
1694 3715 1831 3812 babet,

1065 3807 1166 3882 soliis
1185 3831 1343 3909 ornatam
1363 3815 1400 3884 in
1416 3813 1727 3909 extremitatibus,
1745 3838 1829 3894 etum

1065 3913 1234 3985 lemmate
1263 3916 1408 4015 AGlM:
1439 3920 1556 3996 utut:
1587 3920 1703 3994 GRA:
1730 3918 1831 4017 OM,-

1067 4016 1284 4088 meotes
1320 4020 1464 4090 Deve.
1502 4019 1638 4094 Solium
1677 4018 1831 4105 Pontin-

1064 4115 1167 4190 eium·
1189 4115 1397 4215 conscendit
1415 4122 1585 4211 Jobannes
1613 4130 1721 4200 xxti.
1746 4131 1830 4205 An·

1062 4242 1114 4291 no
1136 4215 1282 4293 Chrilli'
1303 4223 1549 4297 MCGCXVI.

1115 4321 1312 4411 Quartana
1337 4320 1549 4396 Floravante
1576 4324 1765 4422 prodnsius
1789 4324 1829 4405 ἃ

1063 4418 1107 4489 ad
1138 4418 1288 4492 eundem
1327 4422 1540 4496 Pontificem
1576 4424 1733 4522 speiians
1766 4452 1830 4503 ex·

1052 4519 1166 4591 'nibet
1191 4518 1230 4592 in
1256 4522 1425 4597 anteriori
1454 4538 1556 4627 parte
1580 4523 1829 4629 imagineris}

1065 4620 1234 4710 Johannis
1267 4620 1440 4724 Baptistae
1475 4626 1651 4728 promilfis
1685 4628 1828 4728 capillis

1064 4718 1104 4795 ὃ(
1142 4722 1276 4813 barba,
1319 4730 1456 4823 prolata
1491 4730 1657 4821 dextera,
1698 4730 1827 4810 sinissra

1064 4825 1229 4897 baculum
1256 4841 1377 4923 tenet.
1410 4829 1448 4900 in
1475 4832 1573 4932 eujus
1600 4833 1700 4930 apice
1726 4831 1830 4916 Crux

1062 4923 1128 5000 est.
1156 4924 1197 5003 In
1227 4923 1396 5030 superiori
1425 4942 1522 5028 pa‘rre
1548 4934 1686 5009 nummi
1710 4922 1827 5023 Miris

1065 5026 1258 5105 Pontifieia
1293 5030 1402 5109 teniis
1436 5033 1606 5136 utrinque
1643 5038 1829 5141 pendenti·

1157 5135 1186 5209 Y
1242 5157 1265 5210 ι
1439 5180 1442 5187 -
1479 5182 1483 5188 ·
1713 5145 1807 5218 buu*
