<?xml version="1.0" encoding="UTF-8"?>
<!DOCTYPE html PUBLIC "-//W3C//DTD XHTML 1.0 Transitional//EN"
    "http://www.w3.org/TR/xhtml1/DTD/xhtml1-transitional.dtd">
<html xmlns="http://www.w3.org/1999/xhtml" xml:lang="en" lang="en">
 <head>
  <title>
</title>
<meta http-equiv="Content-Type" content="text/html;charset=utf-8" />
  <meta name='ocr-system' content='tesseract 3.04.00' />
  <meta name='ocr-capabilities' content='ocr_page ocr_carea ocr_par ocr_line ocrx_word'/>
</head>
<body>
  <div class='ocr_page' id='page_1' title='image "./antiquitatesita00muragoog_0135.png"; bbox 0 0 4214 6014; ppageno 0'>
   <div class='ocr_carea' id='block_1_1' title="bbox 348 288 1883 415">
    <p class='ocr_par' dir='ltr' id='par_1_1' title="bbox 348 288 1883 415">
     <span class='ocr_line' id='line_1_1' title="bbox 348 288 1883 415; baseline 0.004 -28"><span class='ocrx_word' id='word_1_1' title='bbox 348 327 436 410; x_wconf 71' lang='lat'>091</span> <span class='ocrx_word' id='word_1_2' title='bbox 619 288 1620 415; x_wconf 64' lang='lat' dir='ltr'>ANTQutmtEunAuVr</span> <span class='ocrx_word' id='word_1_3' title='bbox 1798 329 1883 415; x_wconf 77' lang='lat'>²9²</span> 
     </span>
    </p>
   </div>
   <div class='ocr_carea' id='block_1_2' title="bbox 290 411 1945 515">
    <p class='ocr_par' dir='ltr' id='par_1_2' title="bbox 290 411 1945 515">
     <span class='ocr_line' id='line_1_2' title="bbox 290 411 1945 515; baseline 0.002 -28"><span class='ocrx_word' id='word_1_4' title='bbox 290 412 453 492; x_wconf 74' lang='lat' dir='ltr'>Militia‘</span> <span class='ocrx_word' id='word_1_5' title='bbox 471 414 594 487; x_wconf 67' lang='lat' dir='ltr'>runo.</span> <span class='ocrx_word' id='word_1_6' title='bbox 622 411 792 488; x_wconf 82' lang='lat' dir='ltr'>&#39;Acerbus</span> <span class='ocrx_word' id='word_1_7' title='bbox 831 417 984 490; x_wconf 81' lang='lat' dir='ltr'>Murena</span> <span class='ocrx_word' id='word_1_8' title='bbox 1019 413 1059 487; x_wconf 89' lang='lat' dir='ltr'>in</span> <span class='ocrx_word' id='word_1_9' title='bbox 1103 417 1140 490; x_wconf 82' lang='lat' dir='ltr'>A</span> <span class='ocrx_word' id='word_1_10' title='bbox 1226 417 1300 486; x_wconf 83' lang='lat' dir='ltr'>Non</span> <span class='ocrx_word' id='word_1_11' title='bbox 1347 411 1474 508; x_wconf 79' lang='lat' dir='ltr'>patitur</span> <span class='ocrx_word' id='word_1_12' title='bbox 1518 415 1604 503; x_wconf 73' lang='lat' dir='ltr'>{erro</span> <span class='ocrx_word' id='word_1_13' title='bbox 1651 414 1796 515; x_wconf 78' lang='lat' dir='ltr'>contingi</span> <span class='ocrx_word' id='word_1_14' title='bbox 1837 420 1945 511; x_wconf 73' lang='lat' dir='ltr'>ferree</span> 
     </span>
    </p>
   </div>
   <div class='ocr_carea' id='block_1_3' title="bbox 290 511 1172 597">
    <p class='ocr_par' dir='ltr' id='par_1_3' title="bbox 290 511 1172 597">
     <span class='ocr_line' id='line_1_3' title="bbox 290 511 1172 597; baseline -0.001 -5"><span class='ocrx_word' id='word_1_15' title='bbox 290 513 449 592; x_wconf 78' lang='lat' dir='ltr'>Historia</span> <span class='ocrx_word' id='word_1_16' title='bbox 485 511 680 597; x_wconf 74' lang='lat' dir='ltr'>Laudent,</span> <span class='ocrx_word' id='word_1_17' title='bbox 716 518 839 591; x_wconf 87' lang='lat' dir='ltr'>Tomo</span> <span class='ocrx_word' id='word_1_18' title='bbox 875 520 940 591; x_wconf 84' lang='lat' dir='ltr'>vt.</span> <span class='ocrx_word' id='word_1_19' title='bbox 978 522 1058 591; x_wconf 80' lang='lat' dir='ltr'>Res.</span> <span class='ocrx_word' id='word_1_20' title='bbox 1166 563 1172 573; x_wconf 90' lang='lat'><strong>·</strong></span> 
     </span>
    </p>
   </div>
   <div class='ocr_carea' id='block_1_4' title="bbox 285 617 1059 1210">
    <p class='ocr_par' dir='ltr' id='par_1_4' title="bbox 285 617 1059 1210">
     <span class='ocr_line' id='line_1_4' title="bbox 287 617 1058 716; baseline -0.001 -24"><span class='ocrx_word' id='word_1_21' title='bbox 287 619 446 692; x_wconf 77' lang='lat' dir='ltr'>italicar.</span> <span class='ocrx_word' id='word_1_22' title='bbox 474 643 551 716; x_wconf 87' lang='lat' dir='ltr'>pag.</span> <span class='ocrx_word' id='word_1_23' title='bbox 575 639 683 713; x_wconf 87' lang='lat'>1147.</span> <span class='ocrx_word' id='word_1_24' title='bbox 708 617 963 695; x_wconf 72' lang='lat' dir='ltr'>risioriam-de</span> <span class='ocrx_word' id='word_1_25' title='bbox 985 623 1058 692; x_wconf 86' lang='lat' dir='ltr'>Ro·</span> 
     </span>
     <span class='ocr_line' id='line_1_5' title="bbox 287 718 1057 824; baseline 0 -30"><span class='ocrx_word' id='word_1_26' title='bbox 287 719 403 794; x_wconf 82' lang='lat' dir='ltr'>manis</span> <span class='ocrx_word' id='word_1_27' title='bbox 438 746 459 792; x_wconf 94' lang='lat' dir='ltr'>a</span> <span class='ocrx_word' id='word_1_28' title='bbox 495 718 609 815; x_wconf 88' lang='lat' dir='ltr'>copiis</span> <span class='ocrx_word' id='word_1_29' title='bbox 648 718 823 796; x_wconf 79' lang='lat' dir='ltr'>friderici</span> <span class='ocrx_word' id='word_1_30' title='bbox 850 721 880 797; x_wconf 84' lang='lat'>1.</span> <span class='ocrx_word' id='word_1_31' title='bbox 906 720 1057 824; x_wconf 83' lang='lat' dir='ltr'>Augusti</span> 
     </span>
     <span class='ocr_line' id='line_1_6' title="bbox 285 820 1057 921; baseline -0.003 -22"><span class='ocrx_word' id='word_1_32' title='bbox 285 822 400 899; x_wconf 76' lang='lat' dir='ltr'>Anno</span> <span class='ocrx_word' id='word_1_33' title='bbox 426 820 558 896; x_wconf 88' lang='lat' dir='ltr'>Cbril’ti</span> <span class='ocrx_word' id='word_1_34' title='bbox 583 823 816 898; x_wconf 76' lang='lat' dir='ltr'>Mctxvtt.</span> <span class='ocrx_word' id='word_1_35' title='bbox 839 843 1057 921; x_wconf 84' lang='lat' dir='ltr'>reportatam</span> 
     </span>
     <span class='ocr_line' id='line_1_7' title="bbox 288 921 1057 1014; baseline 0.003 -16"><span class='ocrx_word' id='word_1_36' title='bbox 288 921 515 1014; x_wconf 80' lang='lat' dir='ltr'>describens,</span> <span class='ocrx_word' id='word_1_37' title='bbox 552 922 663 999; x_wconf 88' lang='lat' dir='ltr'>alium</span> <span class='ocrx_word' id='word_1_38' title='bbox 708 951 843 1002; x_wconf 90' lang='lat' dir='ltr'>morem</span> <span class='ocrx_word' id='word_1_39' title='bbox 886 928 1057 1002; x_wconf 88' lang='lat' dir='ltr'>bellicum</span> 
     </span>
     <span class='ocr_line' id='line_1_8' title="bbox 287 1026 1058 1127; baseline 0 -26"><span class='ocrx_word' id='word_1_40' title='bbox 287 1026 393 1102; x_wconf 85' lang='lat' dir='ltr'>nobis</span> <span class='ocrx_word' id='word_1_41' title='bbox 413 1026 580 1103; x_wconf 81' lang='lat' dir='ltr'>exhibet.</span> <span class='ocrx_word' id='word_1_42' title='bbox 605 1026 752 1103; x_wconf 82' lang='lat' dir='ltr'>Scilicet</span> <span class='ocrx_word' id='word_1_43' title='bbox 773 1030 1058 1127; x_wconf 75' lang='lat' dir='ltr'>Archiepiscopus,</span> 
     </span>
     <span class='ocr_line' id='line_1_9' title="bbox 289 1128 1059 1210; baseline -0.001 -8"><span class='ocrx_word' id='word_1_44' title='bbox 289 1128 339 1210; x_wconf 75' lang='lat'>&amp;¹</span> <span class='ocrx_word' id='word_1_45' title='bbox 363 1132 581 1203; x_wconf 78' lang='lat' dir='ltr'>Cancellariur</span> <span class='ocrx_word' id='word_1_46' title='bbox 608 1132 767 1203; x_wconf 79' lang='lat' dir='ltr'>Vexillum</span> <span class='ocrx_word' id='word_1_47' title='bbox 794 1134 828 1204; x_wconf 86' lang='lat' dir='ltr'>in</span> <span class='ocrx_word' id='word_1_48' title='bbox 856 1161 952 1206; x_wconf 85' lang='lat' dir='ltr'>manu</span> <span class='ocrx_word' id='word_1_49' title='bbox 977 1133 1059 1208; x_wconf 81' lang='lat' dir='ltr'>arci-</span> 
     </span>
    </p>
   </div>
   <div class='ocr_carea' id='block_1_5' title="bbox 1225 514 1951 911">
    <p class='ocr_par' dir='ltr' id='par_1_5' title="bbox 1225 514 1951 911">
     <span class='ocr_line' id='line_1_10' title="bbox 1225 514 1951 716; baseline 0.008 -24"><span class='ocrx_word' id='word_1_50' title='bbox 1225 514 1498 692; x_wconf 51' lang='lat' dir='ltr'>Labmiieulilirisli</span> <span class='ocrx_word' id='word_1_51' title='bbox 1510 617 1608 716; x_wconf 77' lang='lat' dir='ltr'>lapfir</span> <span class='ocrx_word' id='word_1_52' title='bbox 1617 621 1827 694; x_wconf 68' lang='lat' dir='ltr'>ventribus:</span> <span class='ocrx_word' id='word_1_53' title='bbox 1841 625 1886 696; x_wconf 73' lang='grc' dir='ltr'>Φ·</span> <span class='ocrx_word' id='word_1_54' title='bbox 1902 625 1951 711; x_wconf 84' lang='lat' dir='ltr'>sic</span> 
     </span>
     <span class='ocr_line' id='line_1_11' title="bbox 1228 720 1950 911; baseline 0.012 -120"><span class='ocrx_word' id='word_1_55' title='bbox 1228 720 1536 911; x_wconf 49' lang='lat' dir='ltr'>Vincigplreptimgit</span> <span class='ocrx_word' id='word_1_56' title='bbox 1571 723 1706 812; x_wconf 77' lang='lat' dir='ltr'>exiliunt</span> <span class='ocrx_word' id='word_1_57' title='bbox 1742 726 1777 797; x_wconf 84' lang='lat' dir='ltr'>in</span> <span class='ocrx_word' id='word_1_58' title='bbox 1811 728 1950 819; x_wconf 81' lang='lat' dir='ltr'>puluere</span> 
     </span>
    </p>
   </div>
   <div class='ocr_carea' id='block_1_6' title="bbox 1179 1027 1949 1230">
    <p class='ocr_par' dir='ltr' id='par_1_6' title="bbox 1179 1027 1949 1230">
     <span class='ocr_line' id='line_1_12' title="bbox 1180 1027 1949 1120; baseline 0.009 -18"><span class='ocrx_word' id='word_1_59' title='bbox 1180 1027 1250 1102; x_wconf 93' lang='lat' dir='ltr'>His</span> <span class='ocrx_word' id='word_1_60' title='bbox 1286 1027 1372 1104; x_wconf 91' lang='lat' dir='ltr'>adde</span> <span class='ocrx_word' id='word_1_61' title='bbox 1407 1034 1578 1120; x_wconf 88' lang='lat' dir='ltr'>Joannem</span> <span class='ocrx_word' id='word_1_62' title='bbox 1618 1031 1819 1107; x_wconf 87' lang='lat' dir='ltr'>Villaniutn</span> <span class='ocrx_word' id='word_1_63' title='bbox 1861 1033 1949 1110; x_wconf 84' lang='lat' dir='ltr'>Lib.</span> 
     </span>
     <span class='ocr_line' id='line_1_13' title="bbox 1179 1129 1947 1230; baseline 0.005 -25"><span class='ocrx_word' id='word_1_64' title='bbox 1179 1155 1215 1228; x_wconf 87' lang='lat'>7.</span> <span class='ocrx_word' id='word_1_65' title='bbox 1243 1129 1333 1226; x_wconf 88' lang='lat' dir='ltr'>Cap.</span> <span class='ocrx_word' id='word_1_66' title='bbox 1360 1158 1395 1230; x_wconf 85' lang='lat'>9.</span> <span class='ocrx_word' id='word_1_67' title='bbox 1425 1132 1611 1207; x_wconf 88' lang='lat' dir='ltr'>Hisloriar.</span> <span class='ocrx_word' id='word_1_68' title='bbox 1648 1137 1682 1208; x_wconf 73' lang='lat'>8&lt;</span> <span class='ocrx_word' id='word_1_69' title='bbox 1720 1140 1870 1209; x_wconf 73' lang='lat' dir='ltr'>Gararos</span> <span class='ocrx_word' id='word_1_70' title='bbox 1904 1136 1947 1209; x_wconf 88' lang='lat' dir='ltr'>in</span> 
     </span>
    </p>
   </div>
   <div class='ocr_carea' id='block_1_7' title="bbox 285 1232 1950 1336">
    <p class='ocr_par' dir='ltr' id='par_1_7' title="bbox 285 1232 1950 1336">
     <span class='ocr_line' id='line_1_14' title="bbox 285 1232 1950 1336; baseline 0.004 -32"><span class='ocrx_word' id='word_1_71' title='bbox 285 1232 404 1325; x_wconf 78' lang='lat' dir='ltr'>piens,</span> <span class='ocrx_word' id='word_1_72' title='bbox 435 1234 587 1332; x_wconf 81' lang='lat' dir='ltr'>lignoque</span> <span class='ocrx_word' id='word_1_73' title='bbox 623 1237 721 1325; x_wconf 82' lang='lat' dir='ltr'>dato,</span> <span class='ocrx_word' id='word_1_74' title='bbox 758 1237 905 1310; x_wconf 80' lang='lat' dir='ltr'>maximis</span> <span class='ocrx_word' id='word_1_75' title='bbox 931 1237 1060 1309; x_wconf 76' lang='lat' dir='ltr'>vocilius</span> <span class='ocrx_word' id='word_1_76' title='bbox 1179 1232 1312 1306; x_wconf 89' lang='lat' dir='ltr'>Hillor.</span> <span class='ocrx_word' id='word_1_77' title='bbox 1335 1235 1525 1308; x_wconf 87' lang='lat' dir='ltr'>Patavina.</span> <span class='ocrx_word' id='word_1_78' title='bbox 1556 1239 1680 1333; x_wconf 81' lang='lat' dir='ltr'>Neque</span> <span class='ocrx_word' id='word_1_79' title='bbox 1700 1236 1863 1336; x_wconf 89' lang='lat' dir='ltr'>ignotum</span> <span class='ocrx_word' id='word_1_80' title='bbox 1886 1263 1950 1310; x_wconf 87' lang='lat' dir='ltr'>an·</span> 
     </span>
    </p>
   </div>
   <div class='ocr_carea' id='block_1_8' title="bbox 285 1437 1061 2148">
    <p class='ocr_par' dir='ltr' id='par_1_8' title="bbox 287 1437 1061 1715">
     <span class='ocr_line' id='line_1_15' title="bbox 288 1437 1058 1536; baseline 0.004 -29"><span class='ocrx_word' id='word_1_81' title='bbox 288 1437 389 1507; x_wconf 82' lang='lat' dir='ltr'>tonici</span> <span class='ocrx_word' id='word_1_82' title='bbox 413 1439 549 1531; x_wconf 81' lang='lat' dir='ltr'>dicunt,</span> <span class='ocrx_word' id='word_1_83' title='bbox 575 1437 753 1511; x_wconf 80' lang='lat' dir='ltr'>videlicet:</span> <span class='ocrx_word' id='word_1_84' title='bbox 772 1496 797 1533; x_wconf 93' lang='lat'>„</span> <span class='ocrx_word' id='word_1_85' title='bbox 817 1441 975 1514; x_wconf 85' lang='lat' dir='ltr'>Christus</span> <span class='ocrx_word' id='word_1_86' title='bbox 995 1439 1058 1536; x_wconf 89' lang='lat' dir='ltr'>qui</span> 
     </span>
     <span class='ocr_line' id='line_1_16' title="bbox 287 1541 1061 1633; baseline -0.003 -24"><span class='ocrx_word' id='word_1_87' title='bbox 287 1584 313 1620; x_wconf 84' lang='lat'>,‚</span> <span class='ocrx_word' id='word_1_88' title='bbox 341 1558 443 1613; x_wconf 90' lang='lat' dir='ltr'>natus</span> <span class='ocrx_word' id='word_1_89' title='bbox 485 1543 553 1614; x_wconf 90' lang='lat' dir='ltr'>&amp;c.</span> <span class='ocrx_word' id='word_1_90' title='bbox 575 1589 599 1623; x_wconf 90' lang='lat'><em>„</em></span> <span class='ocrx_word' id='word_1_91' title='bbox 635 1567 741 1613; x_wconf 78' lang='lat' dir='ltr'>amm</span> <span class='ocrx_word' id='word_1_92' title='bbox 774 1546 932 1615; x_wconf 73' lang='lat' dir='ltr'><em>laetanter</em></span> <span class='ocrx_word' id='word_1_93' title='bbox 963 1541 1061 1633; x_wconf 81' lang='lat' dir='ltr'>[uper</span> 
     </span>
     <span class='ocr_line' id='line_1_17' title="bbox 289 1644 652 1715; baseline 0.006 -2"><span class='ocrx_word' id='word_1_94' title='bbox 289 1645 453 1713; x_wconf 76' lang='lat' dir='ltr'>Romanos</span> <span class='ocrx_word' id='word_1_95' title='bbox 474 1644 652 1715; x_wconf 84' lang='lat' dir='ltr'>irruerunt.</span> 
     </span>
    </p>

    <p class='ocr_par' dir='ltr' id='par_1_9' title="bbox 285 1742 1061 2148">
     <span class='ocr_line' id='line_1_18' title="bbox 345 1742 1059 1838; baseline -0.001 -22"><span class='ocrx_word' id='word_1_96' title='bbox 345 1746 534 1838; x_wconf 86' lang='lat' dir='ltr'>Tympana</span> <span class='ocrx_word' id='word_1_97' title='bbox 556 1742 755 1838; x_wconf 79' lang='lat' dir='ltr'>pulsantes,</span> <span class='ocrx_word' id='word_1_98' title='bbox 782 1742 1002 1830; x_wconf 86' lang='lat' dir='ltr'>Tubicines,</span> <span class='ocrx_word' id='word_1_99' title='bbox 1024 1744 1059 1815; x_wconf 80' lang='grc'>8(</span> 
     </span>
     <span class='ocr_line' id='line_1_19' title="bbox 287 1842 1059 1943; baseline 0.003 -27"><span class='ocrx_word' id='word_1_100' title='bbox 287 1842 504 1916; x_wconf 81' lang='lat' dir='ltr'>Cornicines</span> <span class='ocrx_word' id='word_1_101' title='bbox 532 1843 671 1917; x_wconf 85' lang='lat' dir='ltr'>animos</span> <span class='ocrx_word' id='word_1_102' title='bbox 708 1843 746 1915; x_wconf 93' lang='lat' dir='ltr'>in</span> <span class='ocrx_word' id='word_1_103' title='bbox 783 1844 928 1943; x_wconf 89' lang='lat' dir='ltr'>proeliis</span> <span class='ocrx_word' id='word_1_104' title='bbox 956 1842 1059 1918; x_wconf 90' lang='lat' dir='ltr'>adde·</span> 
     </span>
     <span class='ocr_line' id='line_1_20' title="bbox 285 1943 1059 2045; baseline 0.001 -27"><span class='ocrx_word' id='word_1_105' title='bbox 285 1943 377 2018; x_wconf 82' lang='lat' dir='ltr'>bant</span> <span class='ocrx_word' id='word_1_106' title='bbox 398 1943 531 2018; x_wconf 89' lang='lat' dir='ltr'>militi.</span> <span class='ocrx_word' id='word_1_107' title='bbox 553 1948 655 2040; x_wconf 85' lang='lat' dir='ltr'><strong>Quae</strong></span> <span class='ocrx_word' id='word_1_108' title='bbox 674 1951 866 2041; x_wconf 79' lang='lat' dir='ltr'>Tympana,</span> <span class='ocrx_word' id='word_1_109' title='bbox 887 1973 978 2020; x_wconf 89' lang='lat' dir='ltr'>nunc</span> <span class='ocrx_word' id='word_1_110' title='bbox 1000 1974 1059 2045; x_wconf 93' lang='lat' dir='ltr'>ap-</span> 
     </span>
     <span class='ocr_line' id='line_1_21' title="bbox 288 2047 1061 2148; baseline 0.004 -30"><span class='ocrx_word' id='word_1_111' title='bbox 288 2047 473 2146; x_wconf 71' lang='lat' dir='ltr'>pellantur</span> <span class='ocrx_word' id='word_1_112' title='bbox 500 2047 680 2128; x_wconf 80' lang='lat' dir='ltr'>Tamburi,</span> <span class='ocrx_word' id='word_1_113' title='bbox 708 2049 907 2148; x_wconf 87' lang='lat' dir='ltr'>accepimus</span> <span class='ocrx_word' id='word_1_114' title='bbox 936 2076 979 2123; x_wconf 88' lang='lat' dir='ltr'>ex</span> <span class='ocrx_word' id='word_1_115' title='bbox 1009 2054 1061 2121; x_wconf 85' lang='lat' dir='ltr'>A·</span> 
     </span>
    </p>
   </div>
   <div class='ocr_carea' id='block_1_9' title="bbox 148 1326 2018 1437">
    <p class='ocr_par' dir='ltr' id='par_1_10' title="bbox 148 1326 2018 1437">
     <span class='ocr_line' id='line_1_22' title="bbox 148 1326 2018 1437; baseline 0.004 -31"><span class='ocrx_word' id='word_1_116' title='bbox 148 1368 150 1375; x_wconf 25' lang='lat' dir='ltr'>a</span> <span class='ocrx_word' id='word_1_117' title='bbox 290 1356 420 1409; x_wconf 81' lang='lat' dir='ltr'>cantum</span> <span class='ocrx_word' id='word_1_118' title='bbox 447 1337 674 1425; x_wconf 74' lang='lat' dir='ltr'>Teutonicum,</span> <span class='ocrx_word' id='word_1_119' title='bbox 696 1361 791 1432; x_wconf 79' lang='lat' dir='ltr'>quem</span> <span class='ocrx_word' id='word_1_120' title='bbox 818 1341 853 1410; x_wconf 84' lang='lat' dir='ltr'>r&#39;n</span> <span class='ocrx_word' id='word_1_121' title='bbox 875 1341 1059 1411; x_wconf 83' lang='lat' dir='ltr'>belloTeu-</span> <span class='ocrx_word' id='word_1_122' title='bbox 1111 1326 1139 1397; x_wconf 82' lang='grc' dir='ltr'><em>Β</em></span> <span class='ocrx_word' id='word_1_123' title='bbox 1180 1335 1292 1431; x_wconf 88' lang='lat' dir='ltr'>tiquis</span> <span class='ocrx_word' id='word_1_124' title='bbox 1328 1333 1528 1432; x_wconf 86' lang='lat' dir='ltr'>hujusmodi</span> <span class='ocrx_word' id='word_1_125' title='bbox 1572 1336 1805 1437; x_wconf 86' lang='lat' dir='ltr'>llratagenta.</span> <span class='ocrx_word' id='word_1_126' title='bbox 1848 1337 1947 1414; x_wconf 91' lang='lat' dir='ltr'>Usus</span> <span class='ocrx_word' id='word_1_127' title='bbox 2013 1366 2018 1374; x_wconf 91' lang='lat'><strong>·</strong></span> 
     </span>
    </p>
   </div>
   <div class='ocr_carea' id='block_1_10' title="bbox 1178 1435 2010 2127">
    <p class='ocr_par' dir='ltr' id='par_1_11' title="bbox 1178 1435 2010 2127">
     <span class='ocr_line' id='line_1_23' title="bbox 1179 1435 1949 1532; baseline 0.01 -24"><span class='ocrx_word' id='word_1_128' title='bbox 1179 1436 1246 1508; x_wconf 91' lang='lat' dir='ltr'>illo</span> <span class='ocrx_word' id='word_1_129' title='bbox 1274 1435 1454 1532; x_wconf 80' lang='lat' dir='ltr'>Hydaspes</span> <span class='ocrx_word' id='word_1_130' title='bbox 1485 1456 1606 1511; x_wconf 91' lang='lat' dir='ltr'>contra</span> <span class='ocrx_word' id='word_1_131' title='bbox 1644 1439 1949 1532; x_wconf 74' lang='lat' dir='ltr'>cataphrasiarios</span> 
     </span>
     <span class='ocr_line' id='line_1_24' title="bbox 1178 1535 2010 1640; baseline 0.008 -31"><span class='ocrx_word' id='word_1_132' title='bbox 1178 1536 1415 1618; x_wconf 76' lang='lat' dir='ltr'>oroondaris,</span> <span class='ocrx_word' id='word_1_133' title='bbox 1443 1535 1489 1610; x_wconf 90' lang='lat' dir='ltr'>usr</span> <span class='ocrx_word' id='word_1_134' title='bbox 1518 1538 1616 1637; x_wconf 84' lang='lat' dir='ltr'>saepe</span> <span class='ocrx_word' id='word_1_135' title='bbox 1643 1541 1818 1614; x_wconf 88' lang='lat' dir='ltr'>Romani.</span> <span class='ocrx_word' id='word_1_136' title='bbox 1855 1543 1948 1640; x_wconf 83' lang='lat' dir='ltr'>Eju-</span> <span class='ocrx_word' id='word_1_137' title='bbox 2008 1542 2010 1547; x_wconf 71' lang='grc'><strong>’</strong></span> 
     </span>
     <span class='ocr_line' id='line_1_25' title="bbox 1179 1636 1952 1744; baseline 0.01 -33"><span class='ocrx_word' id='word_1_138' title='bbox 1179 1636 1269 1713; x_wconf 87' lang='lat' dir='ltr'>sdem</span> <span class='ocrx_word' id='word_1_139' title='bbox 1300 1664 1440 1737; x_wconf 87' lang='lat' dir='ltr'>quoque</span> <span class='ocrx_word' id='word_1_140' title='bbox 1467 1641 1634 1714; x_wconf 84' lang='lat' dir='ltr'>meminit</span> <span class='ocrx_word' id='word_1_141' title='bbox 1662 1644 1745 1716; x_wconf 86' lang='lat' dir='ltr'>Lib.</span> <span class='ocrx_word' id='word_1_142' title='bbox 1769 1645 1826 1718; x_wconf 87' lang='lat'>16.</span> <span class='ocrx_word' id='word_1_143' title='bbox 1854 1648 1952 1744; x_wconf 84' lang='lat' dir='ltr'>Cap.</span> 
     </span>
     <span class='ocr_line' id='line_1_26' title="bbox 1184 1740 1947 1821; baseline 0.009 -7"><span class='ocrx_word' id='word_1_144' title='bbox 1184 1754 1238 1814; x_wconf 82' lang='lat' dir='ltr'>te.</span> <span class='ocrx_word' id='word_1_145' title='bbox 1267 1740 1398 1815; x_wconf 82' lang='lat' dir='ltr'>Histoe.</span> <span class='ocrx_word' id='word_1_146' title='bbox 1429 1742 1642 1817; x_wconf 83' lang='lat' dir='ltr'>Ammianus</span> <span class='ocrx_word' id='word_1_147' title='bbox 1678 1743 1947 1821; x_wconf 84' lang='lat' dir='ltr'>Marcellinus.</span> 
     </span>
     <span class='ocr_line' id='line_1_27' title="bbox 1183 1843 1950 1940; baseline 0.012 -26"><span class='ocrx_word' id='word_1_148' title='bbox 1183 1846 1369 1940; x_wconf 84' lang='lat' dir='ltr'>Propterea</span> <span class='ocrx_word' id='word_1_149' title='bbox 1403 1843 1498 1918; x_wconf 76' lang='lat' dir='ltr'>resle</span> <span class='ocrx_word' id='word_1_150' title='bbox 1538 1847 1742 1919; x_wconf 84' lang='lat' dir='ltr'>Ptolomeus</span> <span class='ocrx_word' id='word_1_151' title='bbox 1778 1845 1950 1923; x_wconf 79' lang='lat' dir='ltr'>Lucensis</span> 
     </span>
     <span class='ocr_line' id='line_1_28' title="bbox 1179 1945 1947 2028; baseline 0.01 -11"><span class='ocrx_word' id='word_1_152' title='bbox 1179 1945 1216 2017; x_wconf 94' lang='lat' dir='ltr'>in</span> <span class='ocrx_word' id='word_1_153' title='bbox 1240 1945 1411 2021; x_wconf 87' lang='lat' dir='ltr'>Annalib.</span> <span class='ocrx_word' id='word_1_154' title='bbox 1432 1947 1618 2028; x_wconf 86' lang='lat' dir='ltr'>brevibus,</span> <span class='ocrx_word' id='word_1_155' title='bbox 1636 1950 1756 2022; x_wconf 88' lang='lat' dir='ltr'>Tomo</span> <span class='ocrx_word' id='word_1_156' title='bbox 1780 1952 1839 2022; x_wconf 87' lang='lat' dir='ltr'>lll.</span> <span class='ocrx_word' id='word_1_157' title='bbox 1863 1954 1947 2026; x_wconf 81' lang='lat' dir='ltr'>ller.</span> 
     </span>
     <span class='ocr_line' id='line_1_29' title="bbox 1181 2045 1948 2127; baseline 0.012 -10"><span class='ocrx_word' id='word_1_158' title='bbox 1181 2045 1296 2119; x_wconf 84' lang='lat' dir='ltr'>Italic.</span> <span class='ocrx_word' id='word_1_159' title='bbox 1337 2073 1500 2121; x_wconf 86' lang='lat' dir='ltr'>enarrans</span> <span class='ocrx_word' id='word_1_160' title='bbox 1541 2049 1584 2122; x_wconf 90' lang='lat' dir='ltr'>ad</span> <span class='ocrx_word' id='word_1_161' title='bbox 1621 2053 1767 2125; x_wconf 80' lang='lat' dir='ltr'>Annum</span> <span class='ocrx_word' id='word_1_162' title='bbox 1811 2050 1948 2127; x_wconf 79' lang='lat' dir='ltr'>christi</span> 
     </span>
    </p>
   </div>
   <div class='ocr_carea' id='block_1_11' title="bbox 287 2128 1948 2354">
    <p class='ocr_par' dir='ltr' id='par_1_12' title="bbox 287 2128 1948 2354">
     <span class='ocr_line' id='line_1_30' title="bbox 289 2128 1945 2230; baseline 0.005 -8"><span class='ocrx_word' id='word_1_163' title='bbox 289 2150 415 2222; x_wconf 85' lang='lat' dir='ltr'>rabum</span> <span class='ocrx_word' id='word_1_164' title='bbox 446 2146 600 2221; x_wconf 76' lang='lat' dir='ltr'>militia:</span> <span class='ocrx_word' id='word_1_165' title='bbox 636 2147 672 2221; x_wconf 68' lang='grc' dir='ltr'><strong>ἃ</strong></span> <span class='ocrx_word' id='word_1_166' title='bbox 700 2176 751 2222; x_wconf 90' lang='lat' dir='ltr'>res</span> <span class='ocrx_word' id='word_1_167' title='bbox 780 2177 820 2223; x_wconf 90' lang='lat' dir='ltr'>ac</span> <span class='ocrx_word' id='word_1_168' title='bbox 847 2178 977 2223; x_wconf 90' lang='lat' dir='ltr'>nomen</span> <span class='ocrx_word' id='word_1_169' title='bbox 1005 2150 1060 2223; x_wconf 93' lang='lat' dir='ltr'>in·</span> <span class='ocrx_word' id='word_1_170' title='bbox 1181 2151 1408 2223; x_wconf 77' lang='lat' dir='ltr'>Mchxv.</span> <span class='ocrx_word' id='word_1_171' title='bbox 1452 2150 1643 2226; x_wconf 77' lang='lat' dir='ltr'>visioriam</span> <span class='ocrx_word' id='word_1_172' title='bbox 1681 2128 1871 2227; x_wconf 58' lang='lat' dir='ltr'>alCatolo</span> <span class='ocrx_word' id='word_1_173' title='bbox 1915 2155 1945 2230; x_wconf 74' lang='lat' dir='ltr'>l.</span> 
     </span>
     <span class='ocr_line' id='line_1_31' title="bbox 287 2230 1948 2354; baseline 0.001 -29"><span class='ocrx_word' id='word_1_174' title='bbox 287 2248 337 2325; x_wconf 88' lang='lat' dir='ltr'>de</span> <span class='ocrx_word' id='word_1_175' title='bbox 361 2250 404 2324; x_wconf 88' lang='lat' dir='ltr'>ad</span> <span class='ocrx_word' id='word_1_176' title='bbox 433 2276 498 2324; x_wconf 90' lang='lat' dir='ltr'>nos</span> <span class='ocrx_word' id='word_1_177' title='bbox 526 2276 671 2325; x_wconf 88' lang='lat' dir='ltr'>venere.</span> <span class='ocrx_word' id='word_1_178' title='bbox 701 2254 768 2324; x_wconf 92' lang='lat' dir='ltr'>Par</span> <span class='ocrx_word' id='word_1_179' title='bbox 790 2271 908 2327; x_wconf 89' lang='lat' dir='ltr'>tamen</span> <span class='ocrx_word' id='word_1_180' title='bbox 937 2251 1062 2326; x_wconf 90' lang='lat' dir='ltr'>inllru·</span> <span class='ocrx_word' id='word_1_181' title='bbox 1110 2230 1145 2307; x_wconf 73' lang='lat' dir='ltr'><strong>c</strong></span> <span class='ocrx_word' id='word_1_182' title='bbox 1180 2249 1324 2325; x_wconf 89' lang='lat' dir='ltr'>Siciliae</span> <span class='ocrx_word' id='word_1_183' title='bbox 1361 2256 1455 2354; x_wconf 83' lang='lat' dir='ltr'>Rege</span> <span class='ocrx_word' id='word_1_184' title='bbox 1480 2270 1723 2354; x_wconf 76' lang='lat' dir='ltr'>reportatam,</span> <span class='ocrx_word' id='word_1_185' title='bbox 1758 2254 1805 2329; x_wconf 89' lang='lat' dir='ltr'>de</span> <span class='ocrx_word' id='word_1_186' title='bbox 1839 2259 1948 2328; x_wconf 89' lang='lat' dir='ltr'>Man·</span> 
     </span>
    </p>
   </div>
   <div class='ocr_carea' id='block_1_12' title="bbox 288 2351 1061 2430">
    <p class='ocr_par' dir='ltr' id='par_1_13' title="bbox 288 2351 1061 2430">
     <span class='ocr_line' id='line_1_32' title="bbox 288 2351 1061 2430; baseline 0 -2"><span class='ocrx_word' id='word_1_187' title='bbox 288 2372 455 2428; x_wconf 79' lang='lat' dir='ltr'>meretum</span> <span class='ocrx_word' id='word_1_188' title='bbox 488 2351 638 2426; x_wconf 89' lang='lat' dir='ltr'>minime</span> <span class='ocrx_word' id='word_1_189' title='bbox 674 2353 819 2427; x_wconf 85' lang='lat' dir='ltr'>Graecis</span> <span class='ocrx_word' id='word_1_190' title='bbox 848 2383 887 2429; x_wconf 89' lang='lat' dir='ltr'>ac</span> <span class='ocrx_word' id='word_1_191' title='bbox 918 2355 1061 2430; x_wconf 85' lang='lat' dir='ltr'>Latinis</span> 
     </span>
    </p>
   </div>
   <div class='ocr_carea' id='block_1_13' title="bbox 262 2554 1062 3066">
    <p class='ocr_par' dir='ltr' id='par_1_14' title="bbox 262 2554 1062 3066">
     <span class='ocr_line' id='line_1_33' title="bbox 290 2554 1059 2657; baseline 0.004 -27"><span class='ocrx_word' id='word_1_192' title='bbox 290 2571 372 2645; x_wconf 79' lang='lat' dir='ltr'>tta,</span> <span class='ocrx_word' id='word_1_193' title='bbox 400 2555 457 2632; x_wconf 90' lang='lat' dir='ltr'>sed</span> <span class='ocrx_word' id='word_1_194' title='bbox 484 2558 521 2631; x_wconf 93' lang='lat' dir='ltr'>in</span> <span class='ocrx_word' id='word_1_195' title='bbox 552 2554 654 2630; x_wconf 91' lang='lat' dir='ltr'>sacris</span> <span class='ocrx_word' id='word_1_196' title='bbox 683 2556 911 2657; x_wconf 91' lang='lat' dir='ltr'>usurpatum.</span> <span class='ocrx_word' id='word_1_197' title='bbox 938 2563 1059 2654; x_wconf 90' lang='lat' dir='ltr'>Quum</span> 
     </span>
     <span class='ocr_line' id='line_1_34' title="bbox 292 2657 1060 2752; baseline 0 -19"><span class='ocrx_word' id='word_1_198' title='bbox 292 2667 381 2734; x_wconf 73' lang='lat' dir='ltr'>verb</span> <span class='ocrx_word' id='word_1_199' title='bbox 421 2685 548 2733; x_wconf 88' lang='lat' dir='ltr'>manus</span> <span class='ocrx_word' id='word_1_200' title='bbox 581 2657 877 2752; x_wconf 89' lang='lat' dir='ltr'>conserebantur,</span> <span class='ocrx_word' id='word_1_201' title='bbox 914 2666 1060 2736; x_wconf 89' lang='lat' dir='ltr'>arduum</span> 
     </span>
     <span class='ocr_line' id='line_1_35' title="bbox 292 2761 1061 2860; baseline 0 -26"><span class='ocrx_word' id='word_1_202' title='bbox 292 2763 503 2860; x_wconf 84' lang='lat' dir='ltr'>plerumque</span> <span class='ocrx_word' id='word_1_203' title='bbox 530 2781 605 2835; x_wconf 87' lang='lat' dir='ltr'>erat</span> <span class='ocrx_word' id='word_1_204' title='bbox 641 2761 804 2836; x_wconf 88' lang='lat' dir='ltr'>homines</span> <span class='ocrx_word' id='word_1_205' title='bbox 840 2783 995 2836; x_wconf 88' lang='lat' dir='ltr'>armatos</span> <span class='ocrx_word' id='word_1_206' title='bbox 1022 2789 1061 2835; x_wconf 89' lang='lat' dir='ltr'>ac</span> 
     </span>
     <span class='ocr_line' id='line_1_36' title="bbox 288 2860 1062 2961; baseline 0.004 -26"><span class='ocrx_word' id='word_1_207' title='bbox 288 2860 402 2936; x_wconf 82' lang='lat' dir='ltr'>sortes</span> <span class='ocrx_word' id='word_1_208' title='bbox 445 2866 483 2936; x_wconf 88' lang='lat' dir='ltr'>in</span> <span class='ocrx_word' id='word_1_209' title='bbox 521 2861 624 2961; x_wconf 90' lang='lat' dir='ltr'>equis</span> <span class='ocrx_word' id='word_1_210' title='bbox 659 2862 874 2938; x_wconf 80' lang='lat' dir='ltr'>considentes</span> <span class='ocrx_word' id='word_1_211' title='bbox 911 2864 1062 2960; x_wconf 71' lang='lat' dir='ltr'>deiicere</span> 
     </span>
     <span class='ocr_line' id='line_1_37' title="bbox 262 2965 1062 3066; baseline 0.001 -27"><span class='ocrx_word' id='word_1_212' title='bbox 262 2982 357 3039; x_wconf 45' lang='lat' dir='ltr'>*aut</span> <span class='ocrx_word' id='word_1_213' title='bbox 385 2967 598 3066; x_wconf 81' lang='lat' dir='ltr'>vulnerare3</span> <span class='ocrx_word' id='word_1_214' title='bbox 627 2992 709 3044; x_wconf 90' lang='lat' dir='ltr'>uam</span> <span class='ocrx_word' id='word_1_215' title='bbox 738 2992 884 3066; x_wconf 89' lang='lat' dir='ltr'>corpora</span> <span class='ocrx_word' id='word_1_216' title='bbox 912 2965 1062 3048; x_wconf 87' lang='lat' dir='ltr'>loricis,</span> 
     </span>
    </p>
   </div>
   <div class='ocr_carea' id='block_1_14' title="bbox 143 3067 1062 3169">
    <p class='ocr_par' dir='ltr' id='par_1_15' title="bbox 143 3067 1062 3169">
     <span class='ocr_line' id='line_1_38' title="bbox 143 3067 1062 3169; baseline -0.001 -28"><span class='ocrx_word' id='word_1_217' title='bbox 143 3154 147 3162; x_wconf 27' lang='lat'>¹</span> <span class='ocrx_word' id='word_1_218' title='bbox 289 3067 438 3168; x_wconf 86' lang='lat' dir='ltr'>galeis,</span> <span class='ocrx_word' id='word_1_219' title='bbox 487 3067 637 3166; x_wconf 80' lang='lat' dir='ltr'>aliisque</span> <span class='ocrx_word' id='word_1_220' title='bbox 682 3067 803 3143; x_wconf 83' lang='lat' dir='ltr'>setteis</span> <span class='ocrx_word' id='word_1_221' title='bbox 846 3070 1062 3169; x_wconf 86' lang='lat' dir='ltr'>tegumentis</span> 
     </span>
    </p>
   </div>
   <div class='ocr_carea' id='block_1_15' title="bbox 288 3163 1064 3882">
    <p class='ocr_par' dir='ltr' id='par_1_16' title="bbox 288 3163 1064 3882">
     <span class='ocr_line' id='line_1_39' title="bbox 290 3163 1059 3269; baseline -0.004 -25"><span class='ocrx_word' id='word_1_222' title='bbox 290 3171 487 3263; x_wconf 85' lang='lat' dir='ltr'>involuta,</span> <span class='ocrx_word' id='word_1_223' title='bbox 514 3168 674 3252; x_wconf 78' lang='lat' dir='ltr'>ensium,</span> <span class='ocrx_word' id='word_1_224' title='bbox 703 3163 921 3269; x_wconf 84' lang='lat' dir='ltr'>jaculorum,</span> <span class='ocrx_word' id='word_1_225' title='bbox 956 3170 1059 3251; x_wconf 73' lang='lat' dir='ltr'>sagit-</span> 
     </span>
     <span class='ocr_line' id='line_1_40' title="bbox 291 3269 1061 3371; baseline -0.004 -25"><span class='ocrx_word' id='word_1_226' title='bbox 291 3290 445 3364; x_wconf 87' lang='lat' dir='ltr'>tatum,</span> <span class='ocrx_word' id='word_1_227' title='bbox 487 3274 712 3371; x_wconf 86' lang='lat' dir='ltr'>aliorumque</span> <span class='ocrx_word' id='word_1_228' title='bbox 751 3298 927 3345; x_wconf 87' lang='lat' dir='ltr'>armorum</span> <span class='ocrx_word' id='word_1_229' title='bbox 970 3269 1061 3344; x_wconf 65' lang='lat' dir='ltr'>icius</span> 
     </span>
     <span class='ocr_line' id='line_1_41' title="bbox 288 3371 1063 3471; baseline -0.003 -23"><span class='ocrx_word' id='word_1_230' title='bbox 288 3373 520 3454; x_wconf 85' lang='lat' dir='ltr'>eludebant.</span> <span class='ocrx_word' id='word_1_231' title='bbox 562 3380 683 3471; x_wconf 87' lang='lat' dir='ltr'>Quare</span> <span class='ocrx_word' id='word_1_232' title='bbox 725 3400 801 3448; x_wconf 89' lang='lat' dir='ltr'>mos</span> <span class='ocrx_word' id='word_1_233' title='bbox 840 3373 951 3449; x_wconf 88' lang='lat' dir='ltr'>etiam</span> <span class='ocrx_word' id='word_1_234' title='bbox 992 3371 1063 3446; x_wconf 91' lang='lat' dir='ltr'>suit</span> 
     </span>
     <span class='ocr_line' id='line_1_42' title="bbox 289 3476 1063 3575; baseline -0.001 -25"><span class='ocrx_word' id='word_1_235' title='bbox 289 3476 394 3552; x_wconf 79' lang='lat' dir='ltr'>claud</span> <span class='ocrx_word' id='word_1_236' title='bbox 421 3478 530 3554; x_wconf 74' lang='lat' dir='ltr'>serres</span> <span class='ocrx_word' id='word_1_237' title='bbox 566 3495 721 3551; x_wconf 91' lang='lat' dir='ltr'>armatos</span> <span class='ocrx_word' id='word_1_238' title='bbox 759 3494 965 3575; x_wconf 90' lang='lat' dir='ltr'>percutere,</span> <span class='ocrx_word' id='word_1_239' title='bbox 1001 3494 1063 3549; x_wconf 89' lang='lat' dir='ltr'>aut</span> 
     </span>
     <span class='ocr_line' id='line_1_43' title="bbox 290 3576 1062 3680; baseline 0.008 -27"><span class='ocrx_word' id='word_1_240' title='bbox 290 3576 335 3653; x_wconf 89' lang='lat' dir='ltr'>in</span> <span class='ocrx_word' id='word_1_241' title='bbox 364 3580 508 3656; x_wconf 85' lang='lat' dir='ltr'>miseros</span> <span class='ocrx_word' id='word_1_242' title='bbox 536 3608 645 3680; x_wconf 89' lang='lat' dir='ltr'>equos</span> <span class='ocrx_word' id='word_1_243' title='bbox 674 3583 806 3656; x_wconf 87' lang='lat' dir='ltr'>bellurn</span> <span class='ocrx_word' id='word_1_244' title='bbox 836 3598 1062 3659; x_wconf 69' lang='lat' dir='ltr'>convertere,</span> 
     </span>
     <span class='ocr_line' id='line_1_44' title="bbox 288 3681 1064 3784; baseline 0 -31"><span class='ocrx_word' id='word_1_245' title='bbox 288 3698 333 3753; x_wconf 87' lang='lat' dir='ltr'>ut</span> <span class='ocrx_word' id='word_1_246' title='bbox 361 3681 406 3753; x_wconf 89' lang='lat' dir='ltr'>iis</span> <span class='ocrx_word' id='word_1_247' title='bbox 435 3683 613 3780; x_wconf 86' lang='lat' dir='ltr'>prollratis</span> <span class='ocrx_word' id='word_1_248' title='bbox 640 3711 746 3783; x_wconf 87' lang='lat' dir='ltr'>eques</span> <span class='ocrx_word' id='word_1_249' title='bbox 771 3705 975 3784; x_wconf 86' lang='lat' dir='ltr'>caperetur,</span> <span class='ocrx_word' id='word_1_250' title='bbox 1003 3701 1064 3756; x_wconf 89' lang='lat' dir='ltr'>aut</span> 
     </span>
     <span class='ocr_line' id='line_1_45' title="bbox 288 3778 1064 3882; baseline 0.001 -29"><span class='ocrx_word' id='word_1_251' title='bbox 288 3778 447 3882; x_wconf 79' lang='lat' dir='ltr'>dejtslus</span> <span class='ocrx_word' id='word_1_252' title='bbox 470 3781 507 3857; x_wconf 91' lang='lat' dir='ltr'>in</span> <span class='ocrx_word' id='word_1_253' title='bbox 531 3803 659 3859; x_wconf 88' lang='lat' dir='ltr'>tetram</span> <span class='ocrx_word' id='word_1_254' title='bbox 684 3787 834 3882; x_wconf 91' lang='lat' dir='ltr'>pondere</span> <span class='ocrx_word' id='word_1_255' title='bbox 862 3785 942 3861; x_wconf 85' lang='lat' dir='ltr'>ferri</span> <span class='ocrx_word' id='word_1_256' title='bbox 972 3786 1064 3858; x_wconf 83' lang='lat' dir='ltr'>iners</span> 
     </span>
    </p>
   </div>
   <div class='ocr_carea' id='block_1_16' title="bbox 287 3882 1064 4180">
    <p class='ocr_par' dir='ltr' id='par_1_17' title="bbox 287 3882 1064 4180">
     <span class='ocr_line' id='line_1_46' title="bbox 288 3882 1064 3990; baseline 0 -33"><span class='ocrx_word' id='word_1_257' title='bbox 288 3882 336 3957; x_wconf 72' lang='lat' dir='ltr'>ed</span> <span class='ocrx_word' id='word_1_258' title='bbox 378 3883 611 3961; x_wconf 83' lang='lat' dir='ltr'>sustinendam</span> <span class='ocrx_word' id='word_1_259' title='bbox 656 3915 809 3990; x_wconf 86' lang='lat' dir='ltr'>pugnam</span> <span class='ocrx_word' id='word_1_260' title='bbox 846 3887 1064 3983; x_wconf 86' lang='lat' dir='ltr'>opprimere—</span> 
     </span>
     <span class='ocr_line' id='line_1_47' title="bbox 287 3985 1063 4081; baseline -0.005 -22"><span class='ocrx_word' id='word_1_261' title='bbox 287 4000 372 4060; x_wconf 65' lang='lat' dir='ltr'>tur.</span> <span class='ocrx_word' id='word_1_262' title='bbox 404 3990 592 4081; x_wconf 79' lang='lat' dir='ltr'>Propterea</span> <span class='ocrx_word' id='word_1_263' title='bbox 619 3991 775 4074; x_wconf 87' lang='lat' dir='ltr'>lanceis,</span> <span class='ocrx_word' id='word_1_264' title='bbox 803 3988 953 4081; x_wconf 83' lang='lat' dir='ltr'>gladiis,</span> <span class='ocrx_word' id='word_1_265' title='bbox 981 3985 1063 4055; x_wconf 89' lang='lat' dir='ltr'>alii·</span> 
     </span>
     <span class='ocr_line' id='line_1_48' title="bbox 290 4082 1063 4180; baseline -0.001 -22"><span class='ocrx_word' id='word_1_266' title='bbox 290 4082 376 4180; x_wconf 85' lang='lat' dir='ltr'>sque</span> <span class='ocrx_word' id='word_1_267' title='bbox 425 4084 655 4154; x_wconf 87' lang='lat' dir='ltr'>mucronibus</span> <span class='ocrx_word' id='word_1_268' title='bbox 709 4109 880 4180; x_wconf 89' lang='lat' dir='ltr'>equorum</span> <span class='ocrx_word' id='word_1_269' title='bbox 924 4103 1063 4157; x_wconf 83' lang='lat' dir='ltr'>ventres</span> 
     </span>
    </p>
   </div>
   <div class='ocr_carea' id='block_1_17' title="bbox 285 4182 1062 4468">
    <p class='ocr_par' dir='ltr' id='par_1_18' title="bbox 285 4182 1062 4468">
     <span class='ocr_line' id='line_1_49' title="bbox 287 4182 1062 4283; baseline -0.005 -21"><span class='ocrx_word' id='word_1_270' title='bbox 287 4182 583 4283; x_wconf 73' lang='lat' dir='ltr'>impetebantur.</span> <span class='ocrx_word' id='word_1_271' title='bbox 610 4185 694 4257; x_wconf 70' lang='lat' dir='ltr'>Alte</span> <span class='ocrx_word' id='word_1_272' title='bbox 719 4184 869 4280; x_wconf 82' lang='lat' dir='ltr'>cinghre,</span> <span class='ocrx_word' id='word_1_273' title='bbox 905 4187 970 4259; x_wconf 86' lang='lat' dir='ltr'>alle</span> <span class='ocrx_word' id='word_1_274' title='bbox 995 4189 1062 4258; x_wconf 83' lang='lat' dir='ltr'>cin·</span> 
     </span>
     <span class='ocr_line' id='line_1_50' title="bbox 285 4286 1061 4388; baseline 0.006 -28"><span class='ocrx_word' id='word_1_275' title='bbox 285 4289 366 4387; x_wconf 79' lang='lat' dir='ltr'>gbie</span> <span class='ocrx_word' id='word_1_276' title='bbox 388 4314 460 4362; x_wconf 81' lang='lat' dir='ltr'>voit</span> <span class='ocrx_word' id='word_1_277' title='bbox 486 4304 561 4364; x_wconf 90' lang='lat' dir='ltr'>erat</span> <span class='ocrx_word' id='word_1_278' title='bbox 589 4286 866 4383; x_wconf 86' lang='lat' dir='ltr'>imperantium,</span> <span class='ocrx_word' id='word_1_279' title='bbox 894 4309 934 4362; x_wconf 90' lang='lat' dir='ltr'>ut</span> <span class='ocrx_word' id='word_1_280' title='bbox 953 4317 1061 4388; x_wconf 87' lang='lat' dir='ltr'>equo·</span> 
     </span>
     <span class='ocr_line' id='line_1_51' title="bbox 291 4389 1061 4468; baseline 0.003 -2"><span class='ocrx_word' id='word_1_281' title='bbox 291 4416 372 4466; x_wconf 83' lang='lat' dir='ltr'>rum</span> <span class='ocrx_word' id='word_1_282' title='bbox 411 4390 477 4464; x_wconf 85' lang='lat' dir='ltr'>ilia</span> <span class='ocrx_word' id='word_1_283' title='bbox 513 4389 809 4466; x_wconf 80' lang='lat' dir='ltr'>confoderentur.</span> <span class='ocrx_word' id='word_1_284' title='bbox 845 4391 1061 4468; x_wconf 88' lang='lat' dir='ltr'>Guillelmus</span> 
     </span>
    </p>
   </div>
   <div class='ocr_carea' id='block_1_18' title="bbox 291 4492 1061 4673">
    <p class='ocr_par' dir='ltr' id='par_1_19' title="bbox 291 4492 1061 4673">
     <span class='ocr_line' id='line_1_52' title="bbox 291 4492 1061 4594; baseline 0.006 -27"><span class='ocrx_word' id='word_1_285' title='bbox 291 4492 401 4567; x_wconf 85' lang='lat' dir='ltr'>Brito</span> <span class='ocrx_word' id='word_1_286' title='bbox 429 4493 625 4594; x_wconf 85' lang='lat' dir='ltr'>Philippid.</span> <span class='ocrx_word' id='word_1_287' title='bbox 650 4493 734 4569; x_wconf 84' lang='lat' dir='ltr'>Lib.</span> <span class='ocrx_word' id='word_1_288' title='bbox 759 4517 816 4568; x_wconf 86' lang='lat'>11.</span> <span class='ocrx_word' id='word_1_289' title='bbox 844 4495 887 4568; x_wconf 90' lang='lat' dir='ltr'>ad</span> <span class='ocrx_word' id='word_1_290' title='bbox 913 4504 1061 4571; x_wconf 85' lang='lat' dir='ltr'>Annum</span> 
     </span>
     <span class='ocr_line' id='line_1_53' title="bbox 291 4594 777 4673; baseline 0.002 -1"><span class='ocrx_word' id='word_1_291' title='bbox 291 4595 622 4672; x_wconf 78' lang='lat' dir='ltr'>Mccxrv.·haec</span> <span class='ocrx_word' id='word_1_292' title='bbox 650 4594 777 4673; x_wconf 89' lang='lat' dir='ltr'>babet:</span> 
     </span>
    </p>
   </div>
   <div class='ocr_carea' id='block_1_19' title="bbox 269 4808 1062 5102">
    <p class='ocr_par' dir='ltr' id='par_1_20' title="bbox 269 4808 1062 5102">
     <span class='ocr_line' id='line_1_54' title="bbox 269 4808 1026 4907; baseline -0.003 -29"><span class='ocrx_word' id='word_1_293' title='bbox 269 4818 275 4827; x_wconf 92' lang='lat'><em>&#39;</em></span> <span class='ocrx_word' id='word_1_294' title='bbox 341 4842 533 4863; x_wconf 85' lang='lat'><strong>-----</strong></span> <span class='ocrx_word' id='word_1_295' title='bbox 558 4832 704 4907; x_wconf 78' lang='lat' dir='ltr'>equorum</span> <span class='ocrx_word' id='word_1_296' title='bbox 728 4808 852 4902; x_wconf 76' lang='lat' dir='ltr'>uiscera</span> <span class='ocrx_word' id='word_1_297' title='bbox 875 4826 1026 4906; x_wconf 75' lang='lat' dir='ltr'>rumpunt</span> 
     </span>
     <span class='ocr_line' id='line_1_55' title="bbox 343 4907 1062 5102; baseline 0.01 -126"><span class='ocrx_word' id='word_1_298' title='bbox 343 4907 672 5102; x_wconf 48' lang='lat' dir='ltr'>Demis&#39;ppagpdiis,</span> <span class='ocrx_word' id='word_1_299' title='bbox 707 4915 903 4993; x_wconf 81' lang='lat' dir='ltr'>dominorum</span> <span class='ocrx_word' id='word_1_300' title='bbox 936 4932 1062 5008; x_wconf 77' lang='lat' dir='ltr'>corpora</span> 
     </span>
    </p>
   </div>
   <div class='ocr_carea' id='block_1_20' title="bbox 1179 2352 1950 2454">
    <p class='ocr_par' dir='ltr' id='par_1_21' title="bbox 1179 2352 1950 2454">
     <span class='ocr_line' id='line_1_56' title="bbox 1179 2352 1950 2454; baseline 0.003 -31"><span class='ocrx_word' id='word_1_301' title='bbox 1179 2352 1276 2427; x_wconf 89' lang='lat' dir='ltr'>sredo</span> <span class='ocrx_word' id='word_1_302' title='bbox 1305 2358 1399 2454; x_wconf 83' lang='lat' dir='ltr'>Rege</span> <span class='ocrx_word' id='word_1_303' title='bbox 1426 2355 1505 2430; x_wconf 84' lang='lat' dir='ltr'>ait:</span> <span class='ocrx_word' id='word_1_304' title='bbox 1543 2360 1609 2429; x_wconf 80' lang='lat' dir='ltr'>Sed</span> <span class='ocrx_word' id='word_1_305' title='bbox 1635 2383 1695 2428; x_wconf 79' lang='lat' dir='ltr'>non</span> <span class='ocrx_word' id='word_1_306' title='bbox 1727 2357 1835 2453; x_wconf 71' lang='lat' dir='ltr'>pontit</span> <span class='ocrx_word' id='word_1_307' title='bbox 1871 2355 1950 2440; x_wconf 82' lang='lat' dir='ltr'>refr-</span> 
     </span>
    </p>
   </div>
   <div class='ocr_carea' id='block_1_21' title="bbox 152 2453 1949 2573">
    <p class='ocr_par' dir='ltr' id='par_1_22' title="bbox 152 2453 1949 2573">
     <span class='ocr_line' id='line_1_57' title="bbox 152 2453 1949 2573; baseline 0 -45"><span class='ocrx_word' id='word_1_308' title='bbox 152 2469 157 2478; x_wconf 84' lang='lat'>&#39;</span> <span class='ocrx_word' id='word_1_309' title='bbox 290 2453 460 2573; x_wconf 89' lang='lat' dir='ltr'>ignotum</span> <span class='ocrx_word' id='word_1_310' title='bbox 489 2453 587 2542; x_wconf 85' lang='lat' dir='ltr'>fuit,</span> <span class='ocrx_word' id='word_1_311' title='bbox 624 2480 696 2527; x_wconf 92' lang='lat' dir='ltr'>non</span> <span class='ocrx_word' id='word_1_312' title='bbox 723 2457 866 2554; x_wconf 88' lang='lat' dir='ltr'>quidem</span> <span class='ocrx_word' id='word_1_313' title='bbox 895 2457 932 2531; x_wconf 91' lang='lat' dir='ltr'>in</span> <span class='ocrx_word' id='word_1_314' title='bbox 963 2457 1058 2529; x_wconf 90' lang='lat' dir='ltr'>mili·</span> <span class='ocrx_word' id='word_1_315' title='bbox 1172 2458 1252 2541; x_wconf 72' lang='lat' dir='ltr'>fiere</span> <span class='ocrx_word' id='word_1_316' title='bbox 1276 2457 1435 2552; x_wconf 83' lang='lat' dir='ltr'>potentiae</span> <span class='ocrx_word' id='word_1_317' title='bbox 1465 2459 1681 2541; x_wconf 77' lang='lat' dir='ltr'>Gallicanae,</span> <span class='ocrx_word' id='word_1_318' title='bbox 1716 2461 1772 2555; x_wconf 81' lang='lat' dir='ltr'>qui</span> <span class='ocrx_word' id='word_1_319' title='bbox 1797 2459 1949 2555; x_wconf 79' lang='lat' dir='ltr'>antiquo-</span> 
     </span>
    </p>
   </div>
   <div class='ocr_carea' id='block_1_22' title="bbox 1178 2567 1952 2656">
    <p class='ocr_par' dir='ltr' id='par_1_23' title="bbox 1178 2567 1952 2656">
     <span class='ocr_line' id='line_1_58' title="bbox 1178 2567 1952 2656; baseline 0.004 -29"><span class='ocrx_word' id='word_1_320' title='bbox 1178 2583 1246 2629; x_wconf 81' lang='lat' dir='ltr'>rum</span> <span class='ocrx_word' id='word_1_321' title='bbox 1273 2567 1491 2633; x_wconf 81' lang='lat' dir='ltr'>Romanorum</span> <span class='ocrx_word' id='word_1_322' title='bbox 1519 2587 1601 2631; x_wconf 86' lang='lat' dir='ltr'>more</span> <span class='ocrx_word' id='word_1_323' title='bbox 1624 2568 1856 2656; x_wconf 79' lang='lat' dir='ltr'>percutientes,</span> <span class='ocrx_word' id='word_1_324' title='bbox 1880 2587 1952 2630; x_wconf 85' lang='lat' dir='ltr'>om-</span> 
     </span>
    </p>
   </div>
   <div class='ocr_carea' id='block_1_23' title="bbox 1176 2662 2055 2760">
    <p class='ocr_par' dir='ltr' id='par_1_24' title="bbox 1176 2662 2055 2760">
     <span class='ocr_line' id='line_1_59' title="bbox 1176 2662 2055 2760; baseline 0.008 -32"><span class='ocrx_word' id='word_1_325' title='bbox 1176 2686 1229 2728; x_wconf 75' lang='lat' dir='ltr'>nes</span> <span class='ocrx_word' id='word_1_326' title='bbox 1265 2685 1356 2754; x_wconf 86' lang='lat' dir='ltr'>equos</span> <span class='ocrx_word' id='word_1_327' title='bbox 1394 2663 1633 2756; x_wconf 69' lang='lat' dir='ltr'>perforabant,</span> <span class='ocrx_word' id='word_1_328' title='bbox 1671 2662 1821 2757; x_wconf 79' lang='lat' dir='ltr'>nullaque</span> <span class='ocrx_word' id='word_1_329' title='bbox 1856 2687 1951 2735; x_wconf 79' lang='lat' dir='ltr'>arma</span> <span class='ocrx_word' id='word_1_330' title='bbox 2052 2757 2055 2760; x_wconf 8' lang='grc' dir='ltr'><strong>ἱ</strong></span> 
     </span>
    </p>
   </div>
   <div class='ocr_carea' id='block_1_24' title="bbox 1175 2761 1951 4179">
    <p class='ocr_par' dir='ltr' id='par_1_25' title="bbox 1175 2761 1951 4179">
     <span class='ocr_line' id='line_1_60' title="bbox 1176 2761 1946 2858; baseline 0.009 -29"><span class='ocrx_word' id='word_1_331' title='bbox 1176 2781 1281 2830; x_wconf 78' lang='lat' dir='ltr'>emere</span> <span class='ocrx_word' id='word_1_332' title='bbox 1306 2761 1361 2833; x_wconf 83' lang='lat' dir='ltr'>bec</span> <span class='ocrx_word' id='word_1_333' title='bbox 1384 2784 1542 2857; x_wconf 73' lang='lat' dir='ltr'>protegere</span> <span class='ocrx_word' id='word_1_334' title='bbox 1567 2784 1738 2858; x_wconf 82' lang='lat' dir='ltr'>peremne.</span> <span class='ocrx_word' id='word_1_335' title='bbox 1772 2767 1946 2836; x_wconf 86' lang='lat' dir='ltr'>Ceterum</span> 
     </span>
     <span class='ocr_line' id='line_1_61' title="bbox 1176 2861 1946 2962; baseline 0.005 -27"><span class='ocrx_word' id='word_1_336' title='bbox 1176 2882 1307 2960; x_wconf 84' lang='lat' dir='ltr'>quanta</span> <span class='ocrx_word' id='word_1_337' title='bbox 1334 2861 1441 2937; x_wconf 88' lang='lat' dir='ltr'>suerit</span> <span class='ocrx_word' id='word_1_338' title='bbox 1469 2865 1618 2940; x_wconf 90' lang='lat' dir='ltr'>bellicae</span> <span class='ocrx_word' id='word_1_339' title='bbox 1646 2864 1734 2938; x_wconf 84' lang='lat' dir='ltr'>artis</span> <span class='ocrx_word' id='word_1_340' title='bbox 1759 2863 1885 2962; x_wconf 87' lang='lat' dir='ltr'>peritia</span> <span class='ocrx_word' id='word_1_341' title='bbox 1905 2861 1946 2939; x_wconf 77' lang='lat' dir='ltr'>dt</span> 
     </span>
     <span class='ocr_line' id='line_1_62' title="bbox 1178 2962 1948 3066; baseline 0.004 -30"><span class='ocrx_word' id='word_1_342' title='bbox 1178 2962 1354 3038; x_wconf 90' lang='lat' dir='ltr'>sortitudo</span> <span class='ocrx_word' id='word_1_343' title='bbox 1374 2968 1407 3037; x_wconf 78' lang='lat' dir='ltr'>dt</span> <span class='ocrx_word' id='word_1_344' title='bbox 1429 2965 1619 3055; x_wconf 82' lang='lat' dir='ltr'>industria,</span> <span class='ocrx_word' id='word_1_345' title='bbox 1648 2965 1849 3066; x_wconf 84' lang='lat' dir='ltr'>pracsertim</span> <span class='ocrx_word' id='word_1_346' title='bbox 1872 2965 1948 3063; x_wconf 85' lang='lat' dir='ltr'>poll</span> 
     </span>
     <span class='ocr_line' id='line_1_63' title="bbox 1178 3066 1945 3159; baseline 0.001 -21"><span class='ocrx_word' id='word_1_347' title='bbox 1178 3068 1363 3138; x_wconf 87' lang='lat' dir='ltr'>Saeculum</span> <span class='ocrx_word' id='word_1_348' title='bbox 1392 3093 1410 3138; x_wconf 90' lang='lat' dir='ltr'>a</span> <span class='ocrx_word' id='word_1_349' title='bbox 1438 3066 1582 3141; x_wconf 85' lang='lat' dir='ltr'>Christo</span> <span class='ocrx_word' id='word_1_350' title='bbox 1609 3089 1694 3140; x_wconf 91' lang='lat' dir='ltr'>nato</span> <span class='ocrx_word' id='word_1_351' title='bbox 1725 3069 1945 3159; x_wconf 87' lang='lat' dir='ltr'>Decimum,</span> 
     </span>
     <span class='ocr_line' id='line_1_64' title="bbox 1177 3166 1950 3267; baseline 0.003 -28"><span class='ocrx_word' id='word_1_352' title='bbox 1177 3166 1213 3239; x_wconf 90' lang='lat' dir='ltr'>in</span> <span class='ocrx_word' id='word_1_353' title='bbox 1253 3167 1460 3238; x_wconf 89' lang='lat' dir='ltr'>Italicorum</span> <span class='ocrx_word' id='word_1_354' title='bbox 1497 3167 1654 3249; x_wconf 89' lang='lat' dir='ltr'>animis,</span> <span class='ocrx_word' id='word_1_355' title='bbox 1692 3166 1730 3242; x_wconf 77' lang='grc' dir='ltr'>ἃ</span> <span class='ocrx_word' id='word_1_356' title='bbox 1771 3190 1950 3267; x_wconf 86' lang='lat' dir='ltr'>quantum</span> 
     </span>
     <span class='ocr_line' id='line_1_65' title="bbox 1178 3265 1949 3359; baseline 0.006 -20"><span class='ocrx_word' id='word_1_357' title='bbox 1178 3265 1207 3340; x_wconf 91' lang='lat' dir='ltr'>ii</span> <span class='ocrx_word' id='word_1_358' title='bbox 1245 3267 1482 3357; x_wconf 55' lang='lat' dir='ltr'>excelluerint</span> <span class='ocrx_word' id='word_1_359' title='bbox 1517 3268 1555 3342; x_wconf 92' lang='lat' dir='ltr'>in</span> <span class='ocrx_word' id='word_1_360' title='bbox 1593 3270 1740 3359; x_wconf 88' lang='lat' dir='ltr'>procliis</span> <span class='ocrx_word' id='word_1_361' title='bbox 1777 3272 1868 3342; x_wconf 74' lang='lat' dir='ltr'>terri</span> <span class='ocrx_word' id='word_1_362' title='bbox 1905 3297 1949 3344; x_wconf 81' lang='lat' dir='ltr'>aa</span> 
     </span>
     <span class='ocr_line' id='line_1_66' title="bbox 1180 3368 1947 3472; baseline 0.007 -31"><span class='ocrx_word' id='word_1_363' title='bbox 1180 3369 1267 3442; x_wconf 89' lang='lat' dir='ltr'>mari</span> <span class='ocrx_word' id='word_1_364' title='bbox 1306 3368 1498 3469; x_wconf 82' lang='lat' dir='ltr'>susceptis,</span> <span class='ocrx_word' id='word_1_365' title='bbox 1535 3399 1606 3444; x_wconf 92' lang='lat' dir='ltr'>non</span> <span class='ocrx_word' id='word_1_366' title='bbox 1643 3372 1689 3445; x_wconf 85' lang='lat' dir='ltr'>ell</span> <span class='ocrx_word' id='word_1_367' title='bbox 1730 3371 1833 3472; x_wconf 75' lang='lat' dir='ltr'>hujus</span> <span class='ocrx_word' id='word_1_368' title='bbox 1871 3371 1947 3446; x_wconf 92' lang='lat' dir='ltr'>loci</span> 
     </span>
     <span class='ocr_line' id='line_1_67' title="bbox 1178 3471 1949 3560; baseline 0.005 -16"><span class='ocrx_word' id='word_1_369' title='bbox 1178 3471 1373 3547; x_wconf 85' lang='lat' dir='ltr'>ostendere.</span> <span class='ocrx_word' id='word_1_370' title='bbox 1403 3474 1440 3546; x_wconf 94' lang='lat' dir='ltr'>ld</span> <span class='ocrx_word' id='word_1_371' title='bbox 1469 3471 1581 3547; x_wconf 84' lang='lat' dir='ltr'>solbm</span> <span class='ocrx_word' id='word_1_372' title='bbox 1610 3474 1784 3560; x_wconf 76' lang='lat' dir='ltr'>innuant,</span> <span class='ocrx_word' id='word_1_373' title='bbox 1812 3477 1949 3548; x_wconf 84' lang='lat' dir='ltr'>oblitos</span> 
     </span>
     <span class='ocr_line' id='line_1_68' title="bbox 1181 3575 1947 3672; baseline 0.004 -24"><span class='ocrx_word' id='word_1_374' title='bbox 1181 3577 1443 3672; x_wconf 87' lang='lat' dir='ltr'>aliquantulum</span> <span class='ocrx_word' id='word_1_375' title='bbox 1472 3575 1525 3650; x_wconf 89' lang='lat' dir='ltr'>sui</span> <span class='ocrx_word' id='word_1_376' title='bbox 1553 3579 1662 3651; x_wconf 90' lang='lat' dir='ltr'>Italos</span> <span class='ocrx_word' id='word_1_377' title='bbox 1691 3580 1816 3651; x_wconf 90' lang='lat' dir='ltr'>Seculo</span> <span class='ocrx_word' id='word_1_378' title='bbox 1848 3577 1947 3668; x_wconf 82' lang='lat' dir='ltr'>lslls.</span> 
     </span>
     <span class='ocr_line' id='line_1_69' title="bbox 1175 3675 1948 3753; baseline 0 -1"><span class='ocrx_word' id='word_1_379' title='bbox 1175 3675 1220 3752; x_wconf 69' lang='grc' dir='ltr'>ἃ</span> <span class='ocrx_word' id='word_1_380' title='bbox 1253 3681 1351 3750; x_wconf 90' lang='lat' dir='ltr'>lllV.</span> <span class='ocrx_word' id='word_1_381' title='bbox 1389 3679 1602 3753; x_wconf 85' lang='lat' dir='ltr'>consuevisse</span> <span class='ocrx_word' id='word_1_382' title='bbox 1640 3683 1773 3752; x_wconf 85' lang='lat' dir='ltr'>multos</span> <span class='ocrx_word' id='word_1_383' title='bbox 1811 3678 1948 3752; x_wconf 82' lang='lat' dir='ltr'>milites</span> 
     </span>
     <span class='ocr_line' id='line_1_70' title="bbox 1182 3779 1948 3882; baseline 0 -29"><span class='ocrx_word' id='word_1_384' title='bbox 1182 3779 1347 3853; x_wconf 87' lang='lat' dir='ltr'>adbibere</span> <span class='ocrx_word' id='word_1_385' title='bbox 1373 3807 1415 3852; x_wconf 86' lang='lat' dir='ltr'>ex</span> <span class='ocrx_word' id='word_1_386' title='bbox 1444 3783 1662 3862; x_wconf 86' lang='lat' dir='ltr'>Germania,</span> <span class='ocrx_word' id='word_1_387' title='bbox 1692 3781 1841 3882; x_wconf 83' lang='lat' dir='ltr'>Belgio,</span> <span class='ocrx_word' id='word_1_388' title='bbox 1868 3779 1948 3853; x_wconf 84' lang='lat' dir='ltr'>Bri·</span> 
     </span>
     <span class='ocr_line' id='line_1_71' title="bbox 1181 3880 1947 3980; baseline 0.001 -24"><span class='ocrx_word' id='word_1_389' title='bbox 1181 3880 1330 3965; x_wconf 91' lang='lat' dir='ltr'>tannia,</span> <span class='ocrx_word' id='word_1_390' title='bbox 1369 3882 1578 3979; x_wconf 78' lang='lat' dir='ltr'>Hungaria,</span> <span class='ocrx_word' id='word_1_391' title='bbox 1612 3882 1760 3980; x_wconf 84' lang='lat' dir='ltr'>aliisque</span> <span class='ocrx_word' id='word_1_392' title='bbox 1799 3880 1947 3957; x_wconf 77' lang='lat' dir='ltr'>remotis</span> 
     </span>
     <span class='ocr_line' id='line_1_72' title="bbox 1182 3983 1946 4081; baseline 0.004 -26"><span class='ocrx_word' id='word_1_393' title='bbox 1182 3983 1406 4081; x_wconf 86' lang='lat' dir='ltr'>regionibus,</span> <span class='ocrx_word' id='word_1_394' title='bbox 1435 4002 1540 4079; x_wconf 85' lang='lat' dir='ltr'>atque</span> <span class='ocrx_word' id='word_1_395' title='bbox 1567 3984 1605 4057; x_wconf 92' lang='lat' dir='ltr'>in</span> <span class='ocrx_word' id='word_1_396' title='bbox 1638 3985 1685 4057; x_wconf 87' lang='lat' dir='ltr'>iis</span> <span class='ocrx_word' id='word_1_397' title='bbox 1714 3988 1820 4060; x_wconf 84' lang='lat' dir='ltr'>robur</span> <span class='ocrx_word' id='word_1_398' title='bbox 1848 4010 1946 4081; x_wconf 83' lang='lat' dir='ltr'>prae-</span> 
     </span>
     <span class='ocr_line' id='line_1_73' title="bbox 1182 4085 1951 4179; baseline 0.008 -23"><span class='ocrx_word' id='word_1_399' title='bbox 1182 4085 1283 4179; x_wconf 88' lang='lat' dir='ltr'>cipue</span> <span class='ocrx_word' id='word_1_400' title='bbox 1311 4087 1531 4160; x_wconf 83' lang='lat' dir='ltr'>exercituum</span> <span class='ocrx_word' id='word_1_401' title='bbox 1570 4086 1670 4161; x_wconf 85' lang='lat' dir='ltr'>suilse</span> <span class='ocrx_word' id='word_1_402' title='bbox 1707 4093 1951 4162; x_wconf 84' lang='lat' dir='ltr'>collocatum.</span> 
     </span>
    </p>
   </div>
   <div class='ocr_carea' id='block_1_25' title="bbox 1148 4187 1949 4288">
    <p class='ocr_par' dir='ltr' id='par_1_26' title="bbox 1148 4187 1949 4288">
     <span class='ocr_line' id='line_1_74' title="bbox 1148 4187 1949 4288; baseline -0.001 -29"><span class='ocrx_word' id='word_1_403' title='bbox 1148 4193 1150 4202; x_wconf 89' lang='lat'>&#39;</span> <span class='ocrx_word' id='word_1_404' title='bbox 1183 4187 1279 4260; x_wconf 86' lang='lat' dir='ltr'>ldem</span> <span class='ocrx_word' id='word_1_405' title='bbox 1309 4189 1346 4263; x_wconf 79' lang='lat' dir='ltr'>dt</span> <span class='ocrx_word' id='word_1_406' title='bbox 1375 4188 1435 4286; x_wconf 85' lang='lat' dir='ltr'>ipsi</span> <span class='ocrx_word' id='word_1_407' title='bbox 1470 4195 1710 4266; x_wconf 87' lang='lat' dir='ltr'>Rornanorum</span> <span class='ocrx_word' id='word_1_408' title='bbox 1753 4195 1949 4288; x_wconf 83' lang='lat' dir='ltr'>lmperato-</span> 
     </span>
    </p>
   </div>
   <div class='ocr_carea' id='block_1_26' title="bbox 1181 4288 1949 4488">
    <p class='ocr_par' dir='ltr' id='par_1_27' title="bbox 1181 4288 1949 4488">
     <span class='ocr_line' id='line_1_75' title="bbox 1181 4288 1949 4383; baseline -0.001 -19"><span class='ocrx_word' id='word_1_409' title='bbox 1181 4317 1233 4364; x_wconf 89' lang='lat' dir='ltr'>rcs</span> <span class='ocrx_word' id='word_1_410' title='bbox 1261 4291 1349 4364; x_wconf 90' lang='lat' dir='ltr'>olim</span> <span class='ocrx_word' id='word_1_411' title='bbox 1380 4291 1493 4365; x_wconf 82' lang='lat' dir='ltr'>sacere</span> <span class='ocrx_word' id='word_1_412' title='bbox 1530 4295 1809 4365; x_wconf 78' lang='lat' dir='ltr'>consueverunt:</span> <span class='ocrx_word' id='word_1_413' title='bbox 1848 4288 1949 4383; x_wconf 88' lang='lat' dir='ltr'>quod</span> 
     </span>
     <span class='ocr_line' id='line_1_76' title="bbox 1182 4387 1948 4488; baseline 0 -23"><span class='ocrx_word' id='word_1_414' title='bbox 1182 4394 1335 4467; x_wconf 84' lang='lat' dir='ltr'>tamdem</span> <span class='ocrx_word' id='word_1_415' title='bbox 1374 4394 1410 4467; x_wconf 93' lang='lat' dir='ltr'>in</span> <span class='ocrx_word' id='word_1_416' title='bbox 1449 4396 1600 4466; x_wconf 83' lang='lat' dir='ltr'>Romani</span> <span class='ocrx_word' id='word_1_417' title='bbox 1642 4387 1787 4481; x_wconf 79' lang='lat' dir='ltr'>Imperii</span> <span class='ocrx_word' id='word_1_418' title='bbox 1826 4389 1948 4488; x_wconf 81' lang='lat' dir='ltr'>perni-</span> 
     </span>
    </p>
   </div>
   <div class='ocr_carea' id='block_1_27' title="bbox 1110 4486 1986 5183">
    <p class='ocr_par' dir='ltr' id='par_1_28' title="bbox 1110 4486 1986 5183">
     <span class='ocr_line' id='line_1_77' title="bbox 1182 4486 1986 4593; baseline 0.002 -26"><span class='ocrx_word' id='word_1_419' title='bbox 1182 4500 1272 4568; x_wconf 86' lang='lat' dir='ltr'>cicm</span> <span class='ocrx_word' id='word_1_420' title='bbox 1315 4494 1469 4569; x_wconf 85' lang='lat' dir='ltr'>recidit.</span> <span class='ocrx_word' id='word_1_421' title='bbox 1508 4495 1624 4583; x_wconf 68' lang='lat' dir='ltr'>Qulm</span> <span class='ocrx_word' id='word_1_422' title='bbox 1668 4486 1795 4573; x_wconf 66' lang='lat' dir='ltr'>foeda,</span> <span class='ocrx_word' id='word_1_423' title='bbox 1838 4493 1949 4589; x_wconf 63' lang='lat' dir='ltr'>quim</span> <span class='ocrx_word' id='word_1_424' title='bbox 1976 4534 1986 4593; x_wconf 64' lang='grc' dir='ltr'><strong>χ</strong></span> 
     </span>
     <span class='ocr_line' id='line_1_78' title="bbox 1181 4591 1948 4690; baseline 0.008 -29"><span class='ocrx_word' id='word_1_425' title='bbox 1181 4598 1350 4670; x_wconf 66' lang='lat' dir='ltr'>immania</span> <span class='ocrx_word' id='word_1_426' title='bbox 1380 4591 1550 4690; x_wconf 82' lang='lat' dir='ltr'>patrarint</span> <span class='ocrx_word' id='word_1_427' title='bbox 1580 4591 1714 4664; x_wconf 70' lang='lat' dir='ltr'>barbari</span> <span class='ocrx_word' id='word_1_428' title='bbox 1745 4593 1798 4666; x_wconf 87' lang='lat' dir='ltr'>isli</span> <span class='ocrx_word' id='word_1_429' title='bbox 1823 4598 1863 4664; x_wconf 84' lang='lat' dir='ltr'>ad</span> <span class='ocrx_word' id='word_1_430' title='bbox 1888 4592 1948 4667; x_wconf 86' lang='lat' dir='ltr'>lli-</span> 
     </span>
     <span class='ocr_line' id='line_1_79' title="bbox 1110 4694 1948 4797; baseline 0.007 -31"><span class='ocrx_word' id='word_1_431' title='bbox 1110 4713 1114 4721; x_wconf 79' lang='lat'><em>·</em></span> <span class='ocrx_word' id='word_1_432' title='bbox 1182 4700 1304 4797; x_wconf 78' lang='lat' dir='ltr'>pendia</span> <span class='ocrx_word' id='word_1_433' title='bbox 1348 4694 1580 4776; x_wconf 86' lang='lat' dir='ltr'>militantes,</span> <span class='ocrx_word' id='word_1_434' title='bbox 1621 4716 1710 4793; x_wconf 85' lang='lat' dir='ltr'>quot</span> <span class='ocrx_word' id='word_1_435' title='bbox 1753 4695 1948 4772; x_wconf 77' lang='lat' dir='ltr'>sediioncs</span> 
     </span>
     <span class='ocr_line' id='line_1_80' title="bbox 1179 4794 1944 4894; baseline 0.003 -23"><span class='ocrx_word' id='word_1_436' title='bbox 1179 4794 1405 4884; x_wconf 87' lang='lat' dir='ltr'>exciverint,</span> <span class='ocrx_word' id='word_1_437' title='bbox 1443 4823 1548 4894; x_wconf 86' lang='lat' dir='ltr'>quam</span> <span class='ocrx_word' id='word_1_438' title='bbox 1586 4796 1691 4878; x_wconf 85' lang='lat' dir='ltr'>satile</span> <span class='ocrx_word' id='word_1_439' title='bbox 1718 4802 1761 4872; x_wconf 91' lang='lat' dir='ltr'>ab</span> <span class='ocrx_word' id='word_1_440' title='bbox 1790 4799 1944 4873; x_wconf 74' lang='lat' dir='ltr'>bolibut</span> 
     </span>
     <span class='ocr_line' id='line_1_81' title="bbox 1180 4898 1945 5006; baseline 0 -31"><span class='ocrx_word' id='word_1_441' title='bbox 1180 4898 1357 4998; x_wconf 87' lang='lat' dir='ltr'>corrumpi</span> <span class='ocrx_word' id='word_1_442' title='bbox 1399 4898 1432 4972; x_wconf 89' lang='lat' dir='ltr'>se</span> <span class='ocrx_word' id='word_1_443' title='bbox 1470 4900 1635 4984; x_wconf 78' lang='lat' dir='ltr'>sinerint,</span> <span class='ocrx_word' id='word_1_444' title='bbox 1675 4907 1821 5006; x_wconf 89' lang='lat' dir='ltr'>longum</span> <span class='ocrx_word' id='word_1_445' title='bbox 1860 4901 1945 4975; x_wconf 85' lang='lat' dir='ltr'>esset</span> 
     </span>
     <span class='ocr_line' id='line_1_82' title="bbox 1178 5003 1947 5178; baseline 0.012 -93"><span class='ocrx_word' id='word_1_446' title='bbox 1178 5031 1370 5114; x_wconf 57' lang='lat' dir='ltr'>wius.</span> <span class='ocrx_word' id='word_1_447' title='bbox 1409 5005 1588 5088; x_wconf 83' lang='lat' dir='ltr'>Homines</span> <span class='ocrx_word' id='word_1_448' title='bbox 1626 5034 1754 5113; x_wconf 77' lang='lat' dir='ltr'>nempe</span> <span class='ocrx_word' id='word_1_449' title='bbox 1793 5003 1901 5178; x_wconf 56' lang='lat' dir='ltr'>mutili</span> <span class='ocrx_word' id='word_1_450' title='bbox 1933 5054 1947 5094; x_wconf 71' lang='lat' dir='ltr'>s</span> 
     </span>
     <span class='ocr_line' id='line_1_83' title="bbox 1809 5129 1892 5183; baseline 0 -18"><span class='ocrx_word' id='word_1_451' title='bbox 1809 5129 1833 5183; x_wconf 71' lang='lat' dir='ltr'>n</span> <span class='ocrx_word' id='word_1_452' title='bbox 1873 5143 1892 5165; x_wconf 63' lang='grc' dir='ltr'><strong>η</strong></span> 
     </span>
    </p>
   </div>
   <div class='ocr_carea' id='block_1_28' title="bbox 0 0 2115 6004">
    <p class='ocr_par' dir='ltr' id='par_1_29' title="bbox 0 0 2115 6004">
     <span class='ocr_line' id='line_1_84' title="bbox 0 0 2115 6004; baseline 0 0"><span class='ocrx_word' id='word_1_453' title='bbox 0 0 2115 6004; x_wconf 95' lang='lat' dir='ltr'> </span> 
     </span>
    </p>
   </div>
  </div>
 </body>
</html>
