4214 6014
236 348 320 462 321·
512 313 880 423 nrssrrrnrro
919 327 1478 424 maternarum:
1677 288 1807 449 322'

136 449 140 455 ¹
237 468 417 556 Quartum
465 457 692 557 Le·Blancus
739 449 944 551 produxit.
977 460 1029 531 A·
1054 469 1112 526 tur
1141 452 1258 526 etvs.
1293 448 1389 550 quod
1424 445 1623 550 epithetum
1642 491 1644 495 ·
1662 449 1823 526 animad.

174 563 371 665 vignolius
413 565 496 632 uerb
536 555 678 632 attritas
728 553 863 629 literas'
892 553 946 629 ita
1136 551 1671 571 ''''''

175 665 389 762 supplerit,
428 658 522 758 quast
565 659 618 733 ibi
661 656 833 751 scriptum
874 656 947 730 suit

176 767 380 845 CAROLO
408 771 453 836 R.
491 767 584 835 LEO
626 765 698 832 PP.
725 758 809 831 idest
833 759 948 831 Carolo

174 871 265 968 Regr'
291 877 356 943 Leo
383 874 497 961 Papa.
535 862 668 934 Verirm
706 859 878 934 insuetam
908 886 948 934 ac

175 972 398 1074 peregrinam
435 963 609 1065 ejusmodi
640 961 830 1036 formulam
858 968 949 1034 nun·

154 1100 283 1174 ‚quam
320 1093 515 1166 componas
548 1090 629 1139 cum
668 1065 817 1162 reliquis
846 1068 948 1138 Nun·

176 1179 271 1265 mis,
297 1177 460 1260 Romae,
483 1168 597 1243 immo
632 1169 667 1239 δι
696 1170 784 1240 alibi
813 1164 950 1267 percus-

179 1278 247 1351 srs.
285 1274 379 1349 Vide
405 1271 511 1346 etiam
554 1269 679 1344 Caroli
715 1270 843 1369 Magni
875 1272 951 1342 Nu-

1055 570 1166 629 vertat
1192 553 1288 627 adem
1314 554 1508 654 Vtgnolrus
1533 572 1674 628 utvenra
1702 553 1825 630 Ludo·

1056 657 1139 730 vico
1177 654 1334 755 Augusto
1371 654 1570 740 tributum,
1605 681 1823 755 quamquam

1055 757 1101 843 id,
1120 756 1361 832 Mabillonius
1389 759 1523 857 negasse
1550 758 1753 834 uideretur.
1783 763 1825 834 Iu

1057 864 1214 935 Denario
1244 865 1352 935 Nono
1379 863 1512 958 legitur
1537 859 1680 959 quidem
1716 868 1826 955 Papae

1056 965 1203 1059 Gregorii
1229 990 1384 1054 nomen,
1426 966 1460 1036 ἃ
1498 966 1588 1037 SCS.
1619 967 1827 1038 PETRVS.

1057 1069 1184 1140 Altera
1227 1064 1378 1139 Nummi
1421 1064 1528 1139 facies
1554 1064 1661 1139 habet
1702 1070 1830 1142 HLO·

1056 1171 1285 1242 tuturus
1312 1172 1413 1242 IMP.
1433 1168 1466 1240 δι
1489 1166 1527 1240 in
1553 1166 1673 1240 medio
1699 1170 1830 1242 PlVS.

1059 1274 1179 1364 Quare
1218 1270 1315 1343 vides
1352 1273 1408 1341 Pir'
1449 1269 1600 1343 titulum
1640 1270 1828 1344 Ludorico

179 1374 390 1453 misnens
417 1374 624 1450 Le-Blanco
659 1370 784 1459 edita,
823 1372 877 1444 uti
913 1372 948 1443 ἃ
991 1373 1036 1442 Βἱ
1059 1374 1134 1472 ejus
1163 1372 1254 1471 patri
1283 1371 1432 1447 minime
1458 1371 1559 1448 fuisse
1584 1373 1729 1455 datum,
1768 1398 1830 1444 ve-

178 1508 267 1580 quae
288 1475 365 1553 heic
387 1475 600 1576 sequuntur.
617 1475 692 1546 Vix
714 1474 811 1546 aliud
834 1471 947 1565 conji-

177 1583 249 1657 cies
285 1578 365 1655 beic
390 1576 596 1660 desiderari,
625 1573 687 1646 nist
717 1579 950 1650 cauom

178 1689 292 1758 IMP.
336 1682 394 1755 vel
424 1686 538 1752 IMP.
580 1681 775 1753 AVG.,In
821 1677 949 1774 posttea

96 1843 100 1848 -
178 1785 310 1886 legitur
337 1786 428 1856 SCS.
458 1783 658 1853 PETRVS.
689 1783 849 1853 ROMA.

231 1883 412 1979 Quinstus
435 1881 609 1957 Denarius
629 1909 648 1954 a
670 1882 845 1980 Vignolio
871 1908 950 1979 pro·

180 1988 305 2063 dusius
346 1986 494 2085 exejus
535 1981 738 2084 conjediura
779 1985 951 2057 tribuitur

180 2091 359 2190 Stephano
398 2093 462 2163 tv.
500 2091 639 2171 Papae,
677 2089 951 2184 Monogramma

180 2195 329 2270 exhibet
356 2208 485 2265 nomen
513 2191 772 2264 STEFANVS
798 2215 877 2260 cum
906 2190 951 2260 li-

1059 1474 1130 1548 luti
1159 1475 1336 1573 peculiare
1371 1475 1498 1549 eximii
1539 1475 1640 1549 illius
1675 1474 1829 1576 Augusti

1059 1603 1260 1678 agnomen,
1297 1604 1405 1676 quum
1434 1579 1469 1650 δι
1498 1575 1675 1653 ternario
1703 1603 1827 1678 parum

1061 1682 1122 1781 pio
1151 1679 1308 1780 Augusto
1336 1681 1532 1754 tribuatur.

1111 1782 1282 1857 Decimus
1322 1782 1518 1872 Denarius,
1559 1784 1831 1889 asFloravante

1061 1882 1199 1973 edituS,
1227 1882 1358 1983 spesiat
1377 1885 1420 1957 ad
1441 1886 1589 1979 Sergium
1610 1890 1654 1959 H.
1677 1888 1831 1987 Papam,

1063 1988 1104 2058 In
1133 1983 1251 2058 medio
1279 1985 1411 2084 iegitur
1446 1989 1608 2079 SERgius
1642 1994 1760 2081 Papa.
1788 1987 1832 2060 ln

1064 2086 1202 2160 ambitu
1242 2089 1286 2175 {r
1324 2089 1403 2158 SCS
1443 2090 1654 2160 PETRVS.
1696 2088 1833 2164 Postica

1063 2188 1169 2262 habet
1195 2191 1239 2280 ἦν
1268 2191 1604 2263 HLOTHARIVS
1631 2191 1836 2286 ImPrrath

180 2295 268 2372 teris
294 2295 333 2370 in
360 2295 476 2374 limbo
503 2291 683 2391 inscriptis
711 2295 800 2364 SCS.
834 2294 952 2362 an-
988 2281 1038 2381 C·
1066 2290 1104 2363 in
1131 2313 1248 2391 gyr03
1290 2292 1324 2362 8(
1368 2290 1405 2363 in
1444 2316 1522 2362 area
1562 2293 1693 2364 etus,
1721 2295 1833 2368 Anno

181 2402 287 2474 LVS.
317 2400 359 2471 in
378 2402 488 2481 altera
516 2393 607 2469 facie
633 2397 723 2468 SCS.
752 2396 952 2467 PETRVS.
1035 2390 1200 2489 {Christi
1231 2392 1503 2467 DCCCXLIV.
1544 2392 1676 2468 elesius
1709 2396 1746 2468 ἂ
1783 2394 1802 2471 s
1817 2436 1836 2455 ·

184 2504 355 2575 ROMA.
393 2498 429 2573 si
465 2497 546 2595 quis
575 2502 657 2572 verb
698 2496 953 2576 contenderet,
1035 2494 1181 2605 {cratus
1209 2494 1279 2569 suit
1306 2496 1445 2595 Sergius
1472 2495 1536 2578 ΙΙ.

181 2601 376 2676 Denarium
421 2599 513 2675 hunc
551 2601 726 2696 pertinere
763 2600 883 2694 potius
909 2599 952 2673 ad
1035 2610 1040 2647 ¹
1121 2595 1343 2673 Undecimus
1372 2599 1545 2673 Denarius
1572 2598 1663 2696 apud
1688 2597 1834 2676 stillam

182 2705 378 2802 Stephanum
400 2708 457 2776 rt.
478 2721 540 2776 aut
561 2706 644 2774 Vll.
665 2721 726 2774 aut
750 2705 850 2774 VIII.
880 2707 951 2775 Ro·
978 2764 984 2793 ,
1068 2699 1106 2775 ἃ
1135 2703 1409 2792 Floravanrem,
1436 2708 1570 2774 Leonem
1596 2707 1653 2775 IV.
1684 2706 1836 2801 Papam,

186 2831 310 2877 manos
337 2800 552 2877 Pontifices:
590 2829 770 2898 quanam,
798 2803 952 2900 quaeso,
1067 2806 1099 2876 ὅ(
1140 2803 1328 2875 Letharr'um
1362 2807 1390 2876 Ι.
1432 2801 1648 2901 Augustum,
1691 2803 1835 2881 circiter

185 2905 327 2979 ratione
352 2903 496 2977 hancei
518 2902 756 2999 conjebiuram
779 2902 952 2999 eriperes?
1071 2910 1216 2977 Annum
1248 2907 1558 2980 DCCCXLVIII.
1594 2903 1764 2978 exhibet.
1792 2909 1834 2980 Ia

239 3012 366 3082 Sextus
396 3004 568 3078 Denarius
588 3030 608 3077 a
631 3005 835 3090 Le·Blanro
855 3006 955 3077 erul-
1070 3009 1384 3105 Monogrammate
1404 3009 1535 3103 legitur
1556 3011 1656 3080 LEO
1679 3010 1833 3081 PAPA:

188 3107 370 3208 gatus,in
391 3109 502 3180 altera
524 3104 614 3178 facie
634 3104 741 3178 habet
759 3108 957 3180 Lvuov,
1071 3107 1108 3180 in
1136 3133 1224 3200 gyro
1265 3110 1345 3180 SCS
1387 3111 1605 3182 PETRVS.
1642 3106 1684 3182 In
1724 3111 1837 3183 altera

188 3214 336 3285 VICVS
375 3212 478 3282 IMP.
516 3211 685 3281 ROMA.
727 3206 763 3282 Is
798 3207 844 3281 est
881 3213 954 3284 Lu·
995 3212 1041 3281 D¹
1070 3207 1160 3282 facie
1185 3210 1482 3287 HLOTARlVS
1506 3214 1643 3285 IMPR.
1667 3208 1753 3284 idest
1770 3213 1838 3285 irre·-

186 3313 336 3387 doricus
381 3315 463 3385 Pius
509 3310 718 3408 Augustus.
761 3316 802 3382 ln
845 3313 955 3383 altera
1068 3333 1233 3399 perator.
1276 3315 1459 3403 Quaenam
1503 3333 1621 3386 autem
1662 3312 1701 3384 in
1742 3312 1837 3389 hisee

189 3416 360 3491 PSCAL.
389 3412 476 3486 idest
506 3413 670 3503 Pajcalr'r,
697 3410 767 3483 sure
794 3412 957 3501 Pascbalis
1073 3411 1242 3484 Nummis
1284 3410 1401 3483 antica
1433 3466 1445 3500 ‚
1485 3438 1574 3507 quae
1625 3412 1755 3509 postica
1789 3413 1838 3489 dit

189 3523 218 3591 Ι.
267 3520 396 3614 Papa,
441 3512 588 3587 circiter
626 3518 776 3584 Annum
825 3511 958 3584 christi
1072 3539 1171 3609 pars,
1200 3513 1280 3586 aliis
1307 3511 1562 3585 decernendum
1592 3513 1776 3609 relinquo.

190 3617 471 3692 DCCCXVHI.
1126 3611 1366 3683 Duodecimus
1406 3611 1446 3686 ἃ
1476 3612 1644 3687 Decimus
1670 3614 1837 3694 Tertius.

244 3714 393 3792 Denarii
443 3710 653 3805 Septimus,
693 3711 882 3794 Obiavus,
921 3708 958 3786 ἃ
1074 3710 1233 3786 Priorem
1269 3712 1369 3785 dedit
1395 3718 1448 3788 Le
1468 3717 1644 3807 Blancus‚
1672 3718 1727 3792 sed
1763 3746 1837 3797 non

192 3825 320 3898 Nonus
347 3818 648 3897 a.Le-Blanco,
689 3817 724 3886 &
762 3813 961 3915 castigatius
1072 3810 1142 3888 srne
1178 3813 1301 3888 uitiis:
1339 3817 1565 3890 emendatum
1602 3845 1622 3891 a
1658 3820 1835 3919 Vignolip

192 3918 415 4022 avignolio
451 3916 563 4000 editi,
598 3917 747 4013 Gregorii
783 3921 857 3989 IV.
896 3920 960 3989 Pa·
1072 3915 1261 4008 babemus,
1288 3916 1350 4013 qui
1380 3915 1417 3993 dc
1456 3920 1607 3994 alterum
1644 3921 1838 4020 produxit.

193 4052 256 4123 pae
285 4022 502 4098 mentionem
531 4017 693 4101 faciunt,
726 4015 765 4092 &
803 4018 964 4090 Ludrvr'cr‘
1071 4021 1193 4092 Ambo
1217 4017 1376 4117 spesiant
1395 4019 1436 4092 ad
1458 4022 1668 4094 remittam
1689 4029 1750 4098 III.
1772 4027 1838 4100 Pa-

195 4128 249 4199 Pir·
274 4125 446 4212 Augusti,
482 4124 625 4193 circiter
654 4126 798 4191 Annum
826 4119 960 4193 Christi
995 4150 1024 4219 Ε
1069 4146 1176 4214 pam,
1203 4123 1236 4193 &
1265 4123 1307 4195 ad
1335 4126 1534 4196 ludovicum
1570 4129 1613 4197 ss.
1641 4128 1839 4220 Imperato-

194 4229 449 4308 DCCCXXX.
480 4227 518 4294 sn
556 4222 715 4320 Septimo
751 4223 785 4292 δι
820 4222 962 4294 Οὲὶανο
1040 4236 1169 4302 ²rem,
1196 4224 1339 4296 circiter
1357 4229 1505 4299 Annum
1524 4224 1658 4300 Christi
1688 4230 1839 4300 DCCC·

194 4331 327 4430 legitur
356 4332 422 4401 PP.
448 4326 600 4398 -GREIL
628 4322 713 4396 idest
749 4328 857 4416 Papae
883 4329 962 4395 Gre-
1040 4278 1044 4422 i
1070 4327 1168 4396 LVI.
1199 4322 1240 4392 In
1271 4322 1386 4418 primo
1415 4326 1548 4424 legitur
1568 4331 1837 4403 BENEDICT.

191 4434 302 4526 gerii.
331 4435 420 4505 SCS.
451 4430 662 4501 PETRVS.
682 4423 723 4498 ln
745 4424 854 4495 altera
875 4422 964 4498 facie
1071 4427 1108 4496 P.
1128 4422 1211 4495 idest
1234 4429 1430 4500 Benedidirrs
1458 4435 1576 4519 Papa,
1606 4433 1638 4505 S.
1668 4431 1706 4502 P,
1737 4456 1836 4504 nem·

196 4535 526 4608 Lvuovvtcvs
554 4529 658 4603 IMP.
688 4530 754 4599 PP.
783 4524 868 4599 idest
887 4534 965 4596 Per·
1069 4553 1118 4622 pe
1152 4523 1292 4595 sanius
1331 4532 1477 4602 Petrus.
1509 4531 1552 4604 ln
1594 4531 1704 4604 altera
1743 4530 1835 4607 facie

195 4655 309 4731 perro,
335 4636 390 4709 uti
413 4633 606 4729 vignolius
627 4634 886 4727 intepretatur3
909 4626 965 4701 seu
1068 4629 1396 4703 LODOVViCVS
1426 4635 1529 4706 IMP.
1551 4635 1591 4704 In
1613 4632 1731 4707 medio
1754 4638 1838 4707 Ma·

197 4739 370 4828 Imperator
391 4741 585 4822 Perpetuus,
611 4755 649 4806 ut
674 4760 765 4834 ego.
794 4731 848 4806 ita
868 4730 965 4805 enim
1069 4754 1132 4800 nus
1160 4725 1317 4826 effigiata
1354 4732 1573 4826 conspicitur
1613 4761 1692 4810 cum
1722 4735 1837 4812 literis

196 4835 394 4929 nuncupati
423 4853 557 4908 veteres
585 4833 692 4907 etiam
736 4840 967 4933 imperatores
1070 4835 1146 4904 RO.
1176 4857 1261 4927 quas
1298 4831 1319 4902 sa
1358 4833 1473 4906 literis
1509 4833 1661 4910 Manum
1691 4863 1837 4929 compo-

195 4938 236 5017 in
262 4938 418 5029 pluribus
442 4933 734 5033 inscriptionibus
754 4940 844 5036 apud
872 4943 965 5010 Gru·
1067 4933 1232 5007 uentibus
1265 4933 1455 5034 adjungas,
1482 4932 1626 5010 habebis
1652 4943 1837 5037 Roma.

53 5055 55 5059 ’
192 5057 342 5134 terum,
369 5035 569 5115 Reinesrum
587 5039 661 5112 ¹dcc.
690 5037 732 5113 lo
761 5066 840 5114 area
866 5035 967 5113 addi·
1066 5042 1194 5128 NVS‚
1222 5036 1307 5110 idest
1333 5043 1506 5134 imperaror
1531 5048 1720 5120 Romanus.
1742 5048 1836 5123 Vide

1668 5150 1786 5248 quaii-
