<?xml version="1.0" encoding="UTF-8"?>
<!DOCTYPE html PUBLIC "-//W3C//DTD XHTML 1.0 Transitional//EN"
    "http://www.w3.org/TR/xhtml1/DTD/xhtml1-transitional.dtd">
<html xmlns="http://www.w3.org/1999/xhtml" xml:lang="en" lang="en">
 <head>
  <title>
</title>
<meta http-equiv="Content-Type" content="text/html;charset=utf-8" />
  <meta name='ocr-system' content='tesseract 3.04.00' />
  <meta name='ocr-capabilities' content='ocr_page ocr_carea ocr_par ocr_line ocrx_word'/>
</head>
<body>
  <div class='ocr_page' id='page_1' title='image "./antiquitatesita00muragoog_0356.png"; bbox 0 0 4214 6014; ppageno 0'>
   <div class='ocr_carea' id='block_1_1' title="bbox 302 312 1892 593">
    <p class='ocr_par' dir='ltr' id='par_1_1' title="bbox 302 312 1892 593">
     <span class='ocr_line' id='line_1_1' title="bbox 302 312 1826 489; baseline -0.003 -25"><span class='ocrx_word' id='word_1_1' title='bbox 302 407 385 489; x_wconf 65' lang='grc' dir='ltr'>,μ</span> <span class='ocrx_word' id='word_1_2' title='bbox 583 370 952 462; x_wconf 74' lang='lat' dir='ltr'>nrssmnarro</span> <span class='ocrx_word' id='word_1_3' title='bbox 996 363 1552 460; x_wconf 73' lang='lat' dir='ltr'>montmnmrmnrr.</span> <span class='ocrx_word' id='word_1_4' title='bbox 1601 312 1605 321; x_wconf 68' lang='grc'><strong><em>’</em></strong></span> <span class='ocrx_word' id='word_1_5' title='bbox 1743 403 1826 487; x_wconf 77' lang='lat'>⁷4²</span> 
     </span>
     <span class='ocr_line' id='line_1_2' title="bbox 327 483 1892 593; baseline -0.002 -27"><span class='ocrx_word' id='word_1_6' title='bbox 327 499 361 566; x_wconf 88' lang='lat' dir='ltr'>N</span> <span class='ocrx_word' id='word_1_7' title='bbox 387 518 471 593; x_wconf 84' lang='lat' dir='ltr'>ergo</span> <span class='ocrx_word' id='word_1_8' title='bbox 499 490 680 589; x_wconf 79' lang='lat' dir='ltr'>Principes</span> <span class='ocrx_word' id='word_1_9' title='bbox 716 489 756 566; x_wconf 77' lang='grc' dir='ltr'>δι</span> <span class='ocrx_word' id='word_1_10' title='bbox 791 489 909 566; x_wconf 83' lang='lat' dir='ltr'>Urbes</span> <span class='ocrx_word' id='word_1_11' title='bbox 937 496 1005 566; x_wconf 89' lang='lat' dir='ltr'>lta·</span> <span class='ocrx_word' id='word_1_12' title='bbox 1054 500 1088 567; x_wconf 84' lang='grc' dir='ltr'><strong>Α</strong></span> <span class='ocrx_word' id='word_1_13' title='bbox 1124 486 1202 558; x_wconf 82' lang='lat' dir='ltr'>dem</span> <span class='ocrx_word' id='word_1_14' title='bbox 1246 483 1393 558; x_wconf 86' lang='lat' dir='ltr'>dfficile</span> <span class='ocrx_word' id='word_1_15' title='bbox 1430 486 1576 574; x_wconf 82' lang='lat' dir='ltr'>statuas,</span> <span class='ocrx_word' id='word_1_16' title='bbox 1616 513 1688 585; x_wconf 88' lang='lat' dir='ltr'>qun</span> <span class='ocrx_word' id='word_1_17' title='bbox 1730 508 1892 589; x_wconf 85' lang='lat' dir='ltr'>tempore</span> 
     </span>
    </p>
   </div>
   <div class='ocr_carea' id='block_1_2' title="bbox 196 593 1009 1405">
    <p class='ocr_par' dir='ltr' id='par_1_2' title="bbox 196 593 1009 1405">
     <span class='ocr_line' id='line_1_3' title="bbox 349 593 1006 684; baseline 0.002 -16"><span class='ocrx_word' id='word_1_18' title='bbox 349 597 445 684; x_wconf 83' lang='lat' dir='ltr'>liae,</span> <span class='ocrx_word' id='word_1_19' title='bbox 488 617 548 668; x_wconf 91' lang='lat' dir='ltr'>aut</span> <span class='ocrx_word' id='word_1_20' title='bbox 585 594 699 667; x_wconf 85' lang='lat' dir='ltr'>exteri</span> <span class='ocrx_word' id='word_1_21' title='bbox 727 593 834 667; x_wconf 90' lang='lat' dir='ltr'>etiam</span> <span class='ocrx_word' id='word_1_22' title='bbox 868 594 1006 669; x_wconf 86' lang='lat' dir='ltr'>Princi-</span> 
     </span>
     <span class='ocr_line' id='line_1_4' title="bbox 244 693 1007 797; baseline 0 -27"><span class='ocrx_word' id='word_1_23' title='bbox 244 723 329 796; x_wconf 85' lang='lat' dir='ltr'><strong>pes,</strong></span> <span class='ocrx_word' id='word_1_24' title='bbox 357 722 506 797; x_wconf 91' lang='lat' dir='ltr'>quorutn</span> <span class='ocrx_word' id='word_1_25' title='bbox 537 697 684 769; x_wconf 85' lang='lat' dir='ltr'><strong>Nummi</strong></span> <span class='ocrx_word' id='word_1_26' title='bbox 714 693 878 768; x_wconf 73' lang='lat' dir='ltr'>baslenus</span> <span class='ocrx_word' id='word_1_27' title='bbox 916 694 948 768; x_wconf 92' lang='lat' dir='ltr'>se</span> <span class='ocrx_word' id='word_1_28' title='bbox 975 693 1007 770; x_wconf 90' lang='lat' dir='ltr'>se</span> 
     </span>
     <span class='ocr_line' id='line_1_5' title="bbox 196 793 1008 872; baseline 0 0"><span class='ocrx_word' id='word_1_29' title='bbox 196 793 198 796; x_wconf 9' lang='grc' dir='ltr'><em>Α</em></span> <span class='ocrx_word' id='word_1_30' title='bbox 242 796 336 872; x_wconf 84' lang='lat' dir='ltr'>milti</span> <span class='ocrx_word' id='word_1_31' title='bbox 372 799 600 871; x_wconf 88' lang='lat' dir='ltr'>obtulerunt.</span> <span class='ocrx_word' id='word_1_32' title='bbox 661 796 822 870; x_wconf 65' lang='lat' dir='ltr'>moletto</span> <span class='ocrx_word' id='word_1_33' title='bbox 868 796 1008 872; x_wconf 87' lang='lat' dir='ltr'>fuerunt</span> 
     </span>
     <span class='ocr_line' id='line_1_6' title="bbox 244 897 1009 996; baseline 0 -24"><span class='ocrx_word' id='word_1_34' title='bbox 244 897 284 972; x_wconf 79' lang='grc' dir='ltr'>ἂ</span> <span class='ocrx_word' id='word_1_35' title='bbox 325 900 416 972; x_wconf 91' lang='lat' dir='ltr'>aliae</span> <span class='ocrx_word' id='word_1_36' title='bbox 456 897 634 972; x_wconf 77' lang='lat' dir='ltr'>Civitates</span> <span class='ocrx_word' id='word_1_37' title='bbox 672 902 829 980; x_wconf 82' lang='lat' dir='ltr'>liberae,</span> <span class='ocrx_word' id='word_1_38' title='bbox 874 898 1009 996; x_wconf 75' lang='lat' dir='ltr'>allique</span> 
     </span>
     <span class='ocr_line' id='line_1_7' title="bbox 245 999 1006 1097; baseline -0.001 -23"><span class='ocrx_word' id='word_1_39' title='bbox 245 999 449 1097; x_wconf 82' lang='lat' dir='ltr'>Principes,</span> <span class='ocrx_word' id='word_1_40' title='bbox 491 1002 604 1074; x_wconf 90' lang='lat' dir='ltr'>immo</span> <span class='ocrx_word' id='word_1_41' title='bbox 642 1001 849 1082; x_wconf 79' lang='lat' dir='ltr'>Toparcbae</span> <span class='ocrx_word' id='word_1_42' title='bbox 892 1001 1006 1073; x_wconf 90' lang='lat' dir='ltr'>mino·</span> 
     </span>
     <span class='ocr_line' id='line_1_8' title="bbox 243 1101 1006 1200; baseline -0.001 -25"><span class='ocrx_word' id='word_1_43' title='bbox 243 1128 321 1175; x_wconf 90' lang='lat' dir='ltr'>rum</span> <span class='ocrx_word' id='word_1_44' title='bbox 350 1104 538 1184; x_wconf 86' lang='lat' dir='ltr'>locorum,</span> <span class='ocrx_word' id='word_1_45' title='bbox 567 1103 695 1200; x_wconf 89' lang='lat' dir='ltr'>quibus</span> <span class='ocrx_word' id='word_1_46' title='bbox 721 1104 827 1174; x_wconf 90' lang='lat' dir='ltr'>licuit</span> <span class='ocrx_word' id='word_1_47' title='bbox 855 1101 915 1174; x_wconf 92' lang='lat' dir='ltr'>suo</span> <span class='ocrx_word' id='word_1_48' title='bbox 943 1129 1006 1174; x_wconf 92' lang='lat' dir='ltr'>no·</span> 
     </span>
     <span class='ocr_line' id='line_1_9' title="bbox 243 1201 1008 1303; baseline -0.001 -26"><span class='ocrx_word' id='word_1_49' title='bbox 243 1205 340 1277; x_wconf 92' lang='lat' dir='ltr'>tnine</span> <span class='ocrx_word' id='word_1_50' title='bbox 369 1201 499 1303; x_wconf 87' lang='lat' dir='ltr'>fignare</span> <span class='ocrx_word' id='word_1_51' title='bbox 528 1208 740 1299; x_wconf 86' lang='lat' dir='ltr'>pecuniam,</span> <span class='ocrx_word' id='word_1_52' title='bbox 768 1231 876 1296; x_wconf 88' lang='lat' dir='ltr'>quum</span> <span class='ocrx_word' id='word_1_53' title='bbox 906 1203 1008 1278; x_wconf 74' lang='lat' dir='ltr'>sacil-</span> 
     </span>
     <span class='ocr_line' id='line_1_10' title="bbox 243 1304 1008 1405; baseline 0.001 -27"><span class='ocrx_word' id='word_1_54' title='bbox 243 1304 330 1378; x_wconf 91' lang='lat' dir='ltr'>lime</span> <span class='ocrx_word' id='word_1_55' title='bbox 356 1308 445 1376; x_wconf 89' lang='lat' dir='ltr'>olim</span> <span class='ocrx_word' id='word_1_56' title='bbox 469 1304 658 1405; x_wconf 83' lang='lat' dir='ltr'>privilegia</span> <span class='ocrx_word' id='word_1_57' title='bbox 679 1308 721 1378; x_wconf 93' lang='lat' dir='ltr'>ab</span> <span class='ocrx_word' id='word_1_58' title='bbox 744 1305 908 1404; x_wconf 85' lang='lat' dir='ltr'>Augustis</span> <span class='ocrx_word' id='word_1_59' title='bbox 929 1333 1008 1400; x_wconf 91' lang='lat' dir='ltr'>pto·</span> 
     </span>
    </p>
   </div>
   <div class='ocr_carea' id='block_1_3' title="bbox 1093 584 1893 680">
    <p class='ocr_par' dir='ltr' id='par_1_3' title="bbox 1093 584 1893 680">
     <span class='ocr_line' id='line_1_11' title="bbox 1093 584 1893 680; baseline 0.006 -20"><span class='ocrx_word' id='word_1_60' title='bbox 1093 629 1095 634; x_wconf 96' lang='lat'>·</span> <span class='ocrx_word' id='word_1_61' title='bbox 1125 584 1266 663; x_wconf 65' lang='lat' dir='ltr'>intesta</span> <span class='ocrx_word' id='word_1_62' title='bbox 1294 588 1399 660; x_wconf 85' lang='lat' dir='ltr'>suerit</span> <span class='ocrx_word' id='word_1_63' title='bbox 1429 592 1573 680; x_wconf 89' lang='lat' dir='ltr'>pecunia</span> <span class='ocrx_word' id='word_1_64' title='bbox 1601 618 1644 662; x_wconf 83' lang='lat' dir='ltr'>ex</span> <span class='ocrx_word' id='word_1_65' title='bbox 1672 619 1748 664; x_wconf 89' lang='lat' dir='ltr'>aere</span> <span class='ocrx_word' id='word_1_66' title='bbox 1776 596 1808 665; x_wconf 78' lang='lat' dir='ltr'>bt</span> <span class='ocrx_word' id='word_1_67' title='bbox 1837 619 1893 664; x_wconf 87' lang='lat' dir='ltr'>ar·</span> 
     </span>
    </p>
   </div>
   <div class='ocr_carea' id='block_1_4' title="bbox 1124 688 1892 1089">
    <p class='ocr_par' dir='ltr' id='par_1_4' title="bbox 1124 688 1892 1089">
     <span class='ocr_line' id='line_1_12' title="bbox 1125 688 1892 790; baseline 0.009 -30"><span class='ocrx_word' id='word_1_68' title='bbox 1125 711 1232 786; x_wconf 89' lang='lat' dir='ltr'>gento</span> <span class='ocrx_word' id='word_1_69' title='bbox 1254 690 1454 762; x_wconf 86' lang='lat' dir='ltr'>commixto</span> <span class='ocrx_word' id='word_1_70' title='bbox 1474 688 1649 776; x_wconf 79' lang='lat' dir='ltr'>conllata,</span> <span class='ocrx_word' id='word_1_71' title='bbox 1670 719 1773 790; x_wconf 89' lang='lat' dir='ltr'>quam</span> <span class='ocrx_word' id='word_1_72' title='bbox 1790 691 1892 768; x_wconf 87' lang='lat' dir='ltr'>Galli</span> 
     </span>
     <span class='ocr_line' id='line_1_13' title="bbox 1125 793 1891 894; baseline 0.013 -32"><span class='ocrx_word' id='word_1_73' title='bbox 1125 793 1237 862; x_wconf 77' lang='lat' dir='ltr'>Bi&#39;lon</span> <span class='ocrx_word' id='word_1_74' title='bbox 1276 794 1482 888; x_wconf 81' lang='lat' dir='ltr'>appellant.</span> <span class='ocrx_word' id='word_1_75' title='bbox 1528 799 1635 868; x_wconf 80' lang='lat' dir='ltr'>Certe</span> <span class='ocrx_word' id='word_1_76' title='bbox 1672 822 1732 894; x_wconf 92' lang='lat' dir='ltr'>per</span> <span class='ocrx_word' id='word_1_77' title='bbox 1769 797 1891 872; x_wconf 74' lang='lat' dir='ltr'>Secula</span> 
     </span>
     <span class='ocr_line' id='line_1_14' title="bbox 1127 896 1892 991; baseline 0.007 -28"><span class='ocrx_word' id='word_1_78' title='bbox 1127 896 1238 966; x_wconf 90' lang='lat' dir='ltr'>multa</span> <span class='ocrx_word' id='word_1_79' title='bbox 1275 919 1395 965; x_wconf 87' lang='lat' dir='ltr'>aurum</span> <span class='ocrx_word' id='word_1_80' title='bbox 1444 901 1625 989; x_wconf 59' lang='lat' dir='ltr'>obryzum,</span> <span class='ocrx_word' id='word_1_81' title='bbox 1672 905 1892 991; x_wconf 58' lang='lat' dir='ltr'>abnegatum,</span> 
     </span>
     <span class='ocr_line' id='line_1_15' title="bbox 1124 999 1892 1089; baseline 0.018 -28"><span class='ocrx_word' id='word_1_82' title='bbox 1124 999 1298 1089; x_wconf 84' lang='lat' dir='ltr'>optimum,</span> <span class='ocrx_word' id='word_1_83' title='bbox 1315 1016 1452 1084; x_wconf 80' lang='lat' dir='ltr'>purum,</span> <span class='ocrx_word' id='word_1_84' title='bbox 1477 1005 1665 1087; x_wconf 78' lang='lat' dir='ltr'>probinum,</span> <span class='ocrx_word' id='word_1_85' title='bbox 1689 1000 1803 1071; x_wconf 67' lang='lat' dir='ltr'>eodum</span> <span class='ocrx_word' id='word_1_86' title='bbox 1817 1000 1892 1077; x_wconf 63' lang='lat' dir='ltr'>&amp;a</span> 
     </span>
    </p>
   </div>
   <div class='ocr_carea' id='block_1_5' title="bbox 1072 1095 1892 1181">
    <p class='ocr_par' dir='ltr' id='par_1_5' title="bbox 1072 1095 1892 1181">
     <span class='ocr_line' id='line_1_16' title="bbox 1072 1095 1892 1181; baseline 0.004 -12"><span class='ocrx_word' id='word_1_87' title='bbox 1072 1124 1074 1129; x_wconf 88' lang='lat'><em>·</em></span> <span class='ocrx_word' id='word_1_88' title='bbox 1126 1098 1178 1169; x_wconf 88' lang='lat' dir='ltr'>uti</span> <span class='ocrx_word' id='word_1_89' title='bbox 1206 1099 1244 1169; x_wconf 90' lang='lat' dir='ltr'>in</span> <span class='ocrx_word' id='word_1_90' title='bbox 1273 1095 1515 1173; x_wconf 77' lang='lat' dir='ltr'>contrabluum</span> <span class='ocrx_word' id='word_1_91' title='bbox 1545 1097 1713 1181; x_wconf 87' lang='lat' dir='ltr'>Chartis‚</span> <span class='ocrx_word' id='word_1_92' title='bbox 1754 1129 1793 1173; x_wconf 88' lang='lat' dir='ltr'>ac</span> <span class='ocrx_word' id='word_1_93' title='bbox 1826 1100 1892 1176; x_wconf 82' lang='lat' dir='ltr'>Di.-</span> 
     </span>
    </p>
   </div>
   <div class='ocr_carea' id='block_1_6' title="bbox 1125 1195 1891 1404">
    <p class='ocr_par' dir='ltr' id='par_1_6' title="bbox 1125 1195 1891 1404">
     <span class='ocr_line' id='line_1_17' title="bbox 1125 1195 1891 1295; baseline 0.005 -24"><span class='ocrx_word' id='word_1_94' title='bbox 1125 1195 1362 1295; x_wconf 69' lang='lat' dir='ltr'>plomadbus,</span> <span class='ocrx_word' id='word_1_95' title='bbox 1389 1198 1441 1272; x_wconf 86' lang='lat' dir='ltr'>ita</span> <span class='ocrx_word' id='word_1_96' title='bbox 1469 1199 1505 1273; x_wconf 93' lang='lat' dir='ltr'>in</span> <span class='ocrx_word' id='word_1_97' title='bbox 1535 1203 1736 1276; x_wconf 90' lang='lat' dir='ltr'>Monetaria</span> <span class='ocrx_word' id='word_1_98' title='bbox 1771 1202 1891 1279; x_wconf 62' lang='lat' dir='ltr'>officie</span> 
     </span>
     <span class='ocr_line' id='line_1_18' title="bbox 1127 1302 1891 1404; baseline 0.008 -33"><span class='ocrx_word' id='word_1_99' title='bbox 1127 1325 1171 1373; x_wconf 85' lang='lat' dir='ltr'>na</span> <span class='ocrx_word' id='word_1_100' title='bbox 1199 1319 1431 1375; x_wconf 88' lang='lat' dir='ltr'>memoratum</span> <span class='ocrx_word' id='word_1_101' title='bbox 1461 1302 1647 1380; x_wconf 82' lang='lat' dir='ltr'>audinus.</span> <span class='ocrx_word' id='word_1_102' title='bbox 1688 1307 1891 1404; x_wconf 75' lang='lat' dir='ltr'>Argentum</span> 
     </span>
    </p>
   </div>
   <div class='ocr_carea' id='block_1_7' title="bbox 243 1405 1891 1514">
    <p class='ocr_par' dir='ltr' id='par_1_7' title="bbox 243 1405 1891 1514">
     <span class='ocr_line' id='line_1_19' title="bbox 243 1405 1891 1514; baseline 0.001 -35"><span class='ocrx_word' id='word_1_103' title='bbox 243 1405 492 1485; x_wconf 83' lang='lat' dir='ltr'>funderentur,</span> <span class='ocrx_word' id='word_1_104' title='bbox 520 1427 625 1506; x_wconf 90' lang='lat' dir='ltr'>atque</span> <span class='ocrx_word' id='word_1_105' title='bbox 652 1435 670 1478; x_wconf 94' lang='lat' dir='ltr'>a</span> <span class='ocrx_word' id='word_1_106' title='bbox 698 1405 1008 1480; x_wconf 86' lang='lat' dir='ltr'>ProceribusVas-</span> <span class='ocrx_word' id='word_1_107' title='bbox 1053 1412 1083 1483; x_wconf 84' lang='lat' dir='ltr'>B</span> <span class='ocrx_word' id='word_1_108' title='bbox 1125 1405 1208 1475; x_wconf 82' lang='lat' dir='ltr'>vert&gt;</span> <span class='ocrx_word' id='word_1_109' title='bbox 1236 1428 1372 1514; x_wconf 33' lang='lat' dir='ltr'>&#39;purum</span> <span class='ocrx_word' id='word_1_110' title='bbox 1409 1424 1516 1503; x_wconf 87' lang='lat' dir='ltr'>atque</span> <span class='ocrx_word' id='word_1_111' title='bbox 1555 1405 1733 1499; x_wconf 89' lang='lat' dir='ltr'>optimum</span> <span class='ocrx_word' id='word_1_112' title='bbox 1771 1406 1891 1480; x_wconf 76' lang='lat' dir='ltr'>eidem</span> 
     </span>
    </p>
   </div>
   <div class='ocr_carea' id='block_1_8' title="bbox 243 1506 1010 2008">
    <p class='ocr_par' dir='ltr' id='par_1_8' title="bbox 243 1506 1010 2008">
     <span class='ocr_line' id='line_1_20' title="bbox 244 1506 1009 1608; baseline -0.001 -27"><span class='ocrx_word' id='word_1_113' title='bbox 244 1506 339 1581; x_wconf 91' lang='lat' dir='ltr'>sallis</span> <span class='ocrx_word' id='word_1_114' title='bbox 367 1529 583 1581; x_wconf 88' lang='lat' dir='ltr'>emerentur.</span> <span class='ocrx_word' id='word_1_115' title='bbox 612 1509 674 1581; x_wconf 86' lang='lat' dir='ltr'>Sed</span> <span class='ocrx_word' id='word_1_116' title='bbox 698 1535 784 1605; x_wconf 89' lang='lat' dir='ltr'>quos</span> <span class='ocrx_word' id='word_1_117' title='bbox 806 1535 871 1608; x_wconf 94' lang='lat' dir='ltr'>ego</span> <span class='ocrx_word' id='word_1_118' title='bbox 892 1511 1009 1583; x_wconf 87' lang='lat' dir='ltr'>Num·</span> 
     </span>
     <span class='ocr_line' id='line_1_21' title="bbox 244 1611 1009 1710; baseline 0.003 -28"><span class='ocrx_word' id='word_1_119' title='bbox 244 1635 322 1682; x_wconf 85' lang='lat' dir='ltr'>ntos</span> <span class='ocrx_word' id='word_1_120' title='bbox 350 1635 419 1681; x_wconf 90' lang='lat' dir='ltr'>non</span> <span class='ocrx_word' id='word_1_121' title='bbox 450 1611 605 1704; x_wconf 90' lang='lat' dir='ltr'>protuli,</span> <span class='ocrx_word' id='word_1_122' title='bbox 640 1612 792 1683; x_wconf 87' lang='lat' dir='ltr'>aliorum</span> <span class='ocrx_word' id='word_1_123' title='bbox 820 1611 1009 1710; x_wconf 71' lang='lat' dir='ltr'>diligentia</span> 
     </span>
     <span class='ocr_line' id='line_1_22' title="bbox 244 1709 1008 1807; baseline 0.004 -24"><span class='ocrx_word' id='word_1_124' title='bbox 244 1709 386 1783; x_wconf 77' lang='lat' dir='ltr'>felicior</span> <span class='ocrx_word' id='word_1_125' title='bbox 413 1712 603 1807; x_wconf 82' lang='lat' dir='ltr'>aliquando</span> <span class='ocrx_word' id='word_1_126' title='bbox 642 1712 680 1784; x_wconf 90' lang='lat' dir='ltr'>in</span> <span class='ocrx_word' id='word_1_127' title='bbox 717 1716 831 1785; x_wconf 88' lang='lat' dir='ltr'>lucem</span> <span class='ocrx_word' id='word_1_128' title='bbox 859 1714 1008 1786; x_wconf 82' lang='lat' dir='ltr'>advoca·</span> 
     </span>
     <span class='ocr_line' id='line_1_23' title="bbox 244 1811 1009 1911; baseline 0.004 -27"><span class='ocrx_word' id='word_1_129' title='bbox 244 1811 319 1884; x_wconf 90' lang='lat' dir='ltr'>bit.</span> <span class='ocrx_word' id='word_1_130' title='bbox 346 1816 516 1885; x_wconf 90' lang='lat' dir='ltr'>Ceterum</span> <span class='ocrx_word' id='word_1_131' title='bbox 552 1811 695 1892; x_wconf 88' lang='lat' dir='ltr'>nescio,</span> <span class='ocrx_word' id='word_1_132' title='bbox 733 1838 776 1887; x_wconf 88' lang='lat' dir='ltr'>an</span> <span class='ocrx_word' id='word_1_133' title='bbox 818 1811 910 1895; x_wconf 76' lang='lat' dir='ltr'>slot,</span> <span class='ocrx_word' id='word_1_134' title='bbox 946 1812 1009 1911; x_wconf 92' lang='lat' dir='ltr'>qui</span> 
     </span>
     <span class='ocr_line' id='line_1_24' title="bbox 243 1912 1010 2008; baseline 0.004 -22"><span class='ocrx_word' id='word_1_135' title='bbox 243 1912 307 1986; x_wconf 78' lang='lat' dir='ltr'>fibi</span> <span class='ocrx_word' id='word_1_136' title='bbox 336 1912 587 2008; x_wconf 83' lang='lat' dir='ltr'>persuadeant,</span> <span class='ocrx_word' id='word_1_137' title='bbox 615 1913 783 1996; x_wconf 78' lang='lat' dir='ltr'>vetustis.</span> <span class='ocrx_word' id='word_1_138' title='bbox 820 1941 859 1987; x_wconf 93' lang='lat' dir='ltr'>ac</span> <span class='ocrx_word' id='word_1_139' title='bbox 887 1918 1010 1989; x_wconf 87' lang='lat' dir='ltr'>barba·</span> 
     </span>
    </p>
   </div>
   <div class='ocr_carea' id='block_1_9' title="bbox 123 2014 1011 2109">
    <p class='ocr_par' dir='ltr' id='par_1_9' title="bbox 123 2014 1011 2109">
     <span class='ocr_line' id='line_1_25' title="bbox 123 2014 1011 2109; baseline 0 -21"><span class='ocrx_word' id='word_1_140' title='bbox 123 2063 125 2066; x_wconf 95' lang='lat'>-</span> <span class='ocrx_word' id='word_1_141' title='bbox 243 2014 328 2088; x_wconf 91' lang='lat' dir='ltr'>ricis</span> <span class='ocrx_word' id='word_1_142' title='bbox 356 2016 574 2109; x_wconf 79' lang='lat' dir='ltr'>temporibus</span> <span class='ocrx_word' id='word_1_143' title='bbox 602 2014 638 2098; x_wconf 92' lang='lat' dir='ltr'>in</span> <span class='ocrx_word' id='word_1_144' title='bbox 668 2015 728 2089; x_wconf 89' lang='lat' dir='ltr'>usu</span> <span class='ocrx_word' id='word_1_145' title='bbox 756 2016 856 2089; x_wconf 87' lang='lat' dir='ltr'>suisse</span> <span class='ocrx_word' id='word_1_146' title='bbox 882 2045 1011 2090; x_wconf 83' lang='lat' dir='ltr'>auream</span> 
     </span>
    </p>
   </div>
   <div class='ocr_carea' id='block_1_10' title="bbox 206 2118 1010 2317">
    <p class='ocr_par' dir='ltr' id='par_1_10' title="bbox 206 2118 1010 2317">
     <span class='ocr_line' id='line_1_26' title="bbox 244 2118 1010 2217; baseline 0.005 -28"><span class='ocrx_word' id='word_1_147' title='bbox 244 2121 495 2190; x_wconf 87' lang='lat' dir='ltr'>tantummodo</span> <span class='ocrx_word' id='word_1_148' title='bbox 520 2121 554 2189; x_wconf 79' lang='lat' dir='ltr'>dc</span> <span class='ocrx_word' id='word_1_149' title='bbox 583 2141 763 2211; x_wconf 77' lang='lat' dir='ltr'>argenteam</span> <span class='ocrx_word' id='word_1_150' title='bbox 803 2118 1010 2217; x_wconf 84' lang='lat' dir='ltr'>pecuniam.</span> 
     </span>
     <span class='ocr_line' id='line_1_27' title="bbox 206 2219 1009 2317; baseline 0.002 -25"><span class='ocrx_word' id='word_1_151' title='bbox 206 2270 209 2274; x_wconf 92' lang='lat'>-</span> <span class='ocrx_word' id='word_1_152' title='bbox 244 2221 353 2292; x_wconf 84' lang='lat' dir='ltr'>Certe</span> <span class='ocrx_word' id='word_1_153' title='bbox 395 2219 613 2317; x_wconf 84' lang='lat' dir='ltr'>perspicuum</span> <span class='ocrx_word' id='word_1_154' title='bbox 655 2219 723 2305; x_wconf 89' lang='lat' dir='ltr'>est,</span> <span class='ocrx_word' id='word_1_155' title='bbox 779 2219 1009 2296; x_wconf 84' lang='lat' dir='ltr'>desideratum</span> 
     </span>
    </p>
   </div>
   <div class='ocr_carea' id='block_1_11' title="bbox 1124 1505 1896 2315">
    <p class='ocr_par' dir='ltr' id='par_1_11' title="bbox 1124 1505 1896 2315">
     <span class='ocr_line' id='line_1_28' title="bbox 1127 1505 1891 1602; baseline 0.007 -26"><span class='ocrx_word' id='word_1_156' title='bbox 1127 1505 1330 1602; x_wconf 73' lang='lat' dir='ltr'>Principum</span> <span class='ocrx_word' id='word_1_157' title='bbox 1368 1506 1450 1578; x_wconf 69' lang='lat' dir='ltr'>curi</span> <span class='ocrx_word' id='word_1_158' title='bbox 1490 1507 1527 1581; x_wconf 92' lang='lat' dir='ltr'>in</span> <span class='ocrx_word' id='word_1_159' title='bbox 1565 1508 1730 1581; x_wconf 89' lang='lat' dir='ltr'>Denariis</span> <span class='ocrx_word' id='word_1_160' title='bbox 1761 1509 1891 1581; x_wconf 83' lang='lat' dir='ltr'>cuden-</span> 
     </span>
     <span class='ocr_line' id='line_1_29' title="bbox 1124 1604 1891 1698; baseline 0.009 -21"><span class='ocrx_word' id='word_1_161' title='bbox 1124 1604 1178 1677; x_wconf 89' lang='lat' dir='ltr'>dis</span> <span class='ocrx_word' id='word_1_162' title='bbox 1205 1605 1405 1679; x_wconf 84' lang='lat' dir='ltr'>adhibitum</span> <span class='ocrx_word' id='word_1_163' title='bbox 1435 1610 1600 1683; x_wconf 82' lang='lat' dir='ltr'>uidetur.</span> <span class='ocrx_word' id='word_1_164' title='bbox 1627 1616 1825 1698; x_wconf 81' lang='lat' dir='ltr'>Attamen,</span> <span class='ocrx_word' id='word_1_165' title='bbox 1845 1634 1891 1684; x_wconf 79' lang='lat' dir='ltr'>an</span> 
     </span>
     <span class='ocr_line' id='line_1_30' title="bbox 1125 1707 1892 1810; baseline 0.009 -31"><span class='ocrx_word' id='word_1_166' title='bbox 1125 1733 1246 1780; x_wconf 88' lang='lat' dir='ltr'>aurum</span> <span class='ocrx_word' id='word_1_167' title='bbox 1287 1707 1487 1792; x_wconf 87' lang='lat' dir='ltr'>duntaxat,</span> <span class='ocrx_word' id='word_1_168' title='bbox 1529 1731 1783 1810; x_wconf 82' lang='lat' dir='ltr'>argentumque</span> <span class='ocrx_word' id='word_1_169' title='bbox 1827 1738 1892 1810; x_wconf 90' lang='lat' dir='ltr'>pu·</span> 
     </span>
     <span class='ocr_line' id='line_1_31' title="bbox 1124 1812 1892 1904; baseline 0.005 -22"><span class='ocrx_word' id='word_1_170' title='bbox 1124 1836 1201 1882; x_wconf 89' lang='lat' dir='ltr'>rum</span> <span class='ocrx_word' id='word_1_171' title='bbox 1240 1826 1345 1904; x_wconf 89' lang='lat' dir='ltr'>atque</span> <span class='ocrx_word' id='word_1_172' title='bbox 1385 1817 1571 1904; x_wconf 89' lang='lat' dir='ltr'>probatum</span> <span class='ocrx_word' id='word_1_173' title='bbox 1609 1812 1647 1885; x_wconf 94' lang='lat' dir='ltr'>in</span> <span class='ocrx_word' id='word_1_174' title='bbox 1686 1815 1746 1887; x_wconf 88' lang='lat' dir='ltr'>usu</span> <span class='ocrx_word' id='word_1_175' title='bbox 1783 1812 1892 1886; x_wconf 88' lang='lat' dir='ltr'>suerit</span> 
     </span>
     <span class='ocr_line' id='line_1_32' title="bbox 1125 1910 1892 2008; baseline 0.012 -28"><span class='ocrx_word' id='word_1_176' title='bbox 1125 1911 1367 2008; x_wconf 89' lang='lat' dir='ltr'>Langobardis</span> <span class='ocrx_word' id='word_1_177' title='bbox 1389 1912 1565 2008; x_wconf 80' lang='lat' dir='ltr'>Regibus,</span> <span class='ocrx_word' id='word_1_178' title='bbox 1585 1910 1624 1987; x_wconf 76' lang='grc' dir='ltr'>ἀ</span> <span class='ocrx_word' id='word_1_179' title='bbox 1652 1913 1793 1988; x_wconf 81' lang='lat' dir='ltr'>Francis</span> <span class='ocrx_word' id='word_1_180' title='bbox 1816 1918 1892 1989; x_wconf 80' lang='lat' dir='ltr'>Att-</span> 
     </span>
     <span class='ocr_line' id='line_1_33' title="bbox 1124 2009 1894 2111; baseline -0.003 -26"><span class='ocrx_word' id='word_1_181' title='bbox 1124 2010 1250 2111; x_wconf 87' lang='lat' dir='ltr'>gullis,</span> <span class='ocrx_word' id='word_1_182' title='bbox 1290 2009 1481 2109; x_wconf 86' lang='lat' dir='ltr'>primisque</span> <span class='ocrx_word' id='word_1_183' title='bbox 1523 2016 1711 2088; x_wconf 89' lang='lat' dir='ltr'>Germanis</span> <span class='ocrx_word' id='word_1_184' title='bbox 1752 2015 1790 2088; x_wconf 77' lang='lat' dir='ltr'>in</span> <span class='ocrx_word' id='word_1_185' title='bbox 1820 2018 1894 2089; x_wconf 66' lang='lat' dir='ltr'>lta-</span> 
     </span>
     <span class='ocr_line' id='line_1_34' title="bbox 1124 2112 1894 2216; baseline 0.004 -29"><span class='ocrx_word' id='word_1_186' title='bbox 1124 2116 1172 2187; x_wconf 87' lang='lat' dir='ltr'>lia</span> <span class='ocrx_word' id='word_1_187' title='bbox 1201 2112 1479 2210; x_wconf 83' lang='lat' dir='ltr'>imperantibus,</span> <span class='ocrx_word' id='word_1_188' title='bbox 1516 2114 1700 2191; x_wconf 85' lang='lat' dir='ltr'>decernere</span> <span class='ocrx_word' id='word_1_189' title='bbox 1727 2142 1793 2216; x_wconf 91' lang='lat' dir='ltr'>ego</span> <span class='ocrx_word' id='word_1_190' title='bbox 1820 2142 1894 2190; x_wconf 83' lang='lat' dir='ltr'>non</span> 
     </span>
     <span class='ocr_line' id='line_1_35' title="bbox 1125 2212 1896 2315; baseline 0.005 -27"><span class='ocrx_word' id='word_1_191' title='bbox 1125 2212 1257 2288; x_wconf 85' lang='lat' dir='ltr'>ausrm.</span> <span class='ocrx_word' id='word_1_192' title='bbox 1287 2213 1475 2287; x_wconf 84' lang='lat' dir='ltr'>Pecuniam</span> <span class='ocrx_word' id='word_1_193' title='bbox 1505 2217 1639 2315; x_wconf 90' lang='lat' dir='ltr'>quippe</span> <span class='ocrx_word' id='word_1_194' title='bbox 1666 2245 1711 2291; x_wconf 86' lang='lat' dir='ltr'>ex</span> <span class='ocrx_word' id='word_1_195' title='bbox 1745 2238 1896 2315; x_wconf 87' lang='lat' dir='ltr'>argento</span> 
     </span>
    </p>
   </div>
   <div class='ocr_carea' id='block_1_12' title="bbox 242 2312 1895 2924">
    <p class='ocr_par' dir='ltr' id='par_1_12' title="bbox 242 2312 1895 2924">
     <span class='ocr_line' id='line_1_36' title="bbox 242 2312 1895 2423; baseline 0.005 -38"><span class='ocrx_word' id='word_1_196' title='bbox 242 2345 424 2417; x_wconf 81' lang='lat' dir='ltr'>nunquam</span> <span class='ocrx_word' id='word_1_197' title='bbox 461 2320 561 2395; x_wconf 81' lang='lat' dir='ltr'>fuisse</span> <span class='ocrx_word' id='word_1_198' title='bbox 588 2322 923 2420; x_wconf 78' lang='lat' dir='ltr'>triplexpecuniae</span> <span class='ocrx_word' id='word_1_199' title='bbox 951 2349 1011 2423; x_wconf 85' lang='lat' dir='ltr'>ge·</span> <span class='ocrx_word' id='word_1_200' title='bbox 1042 2313 1089 2391; x_wconf 86' lang='lat' dir='ltr'>·C</span> <span class='ocrx_word' id='word_1_201' title='bbox 1124 2319 1157 2390; x_wconf 70' lang='grc' dir='ltr'><strong>ἃ</strong></span> <span class='ocrx_word' id='word_1_202' title='bbox 1186 2342 1263 2388; x_wconf 82' lang='lat' dir='ltr'>aete</span> <span class='ocrx_word' id='word_1_203' title='bbox 1284 2312 1473 2390; x_wconf 79' lang='lat' dir='ltr'>conflatam</span> <span class='ocrx_word' id='word_1_204' title='bbox 1500 2317 1561 2391; x_wconf 86' lang='lat' dir='ltr'>sub</span> <span class='ocrx_word' id='word_1_205' title='bbox 1583 2319 1794 2393; x_wconf 78' lang='lat' dir='ltr'>Constantio</span> <span class='ocrx_word' id='word_1_206' title='bbox 1819 2319 1895 2392; x_wconf 85' lang='lat' dir='ltr'>lm·</span> 
     </span>
     <span class='ocr_line' id='line_1_37' title="bbox 245 2446 1011 2519; baseline 0.005 -25"><span class='ocrx_word' id='word_1_207' title='bbox 245 2446 335 2499; x_wconf 86' lang='lat' dir='ltr'>nus.</span> <span class='ocrx_word' id='word_1_208' title='bbox 371 2449 501 2495; x_wconf 82' lang='lat' dir='ltr'>auream</span> <span class='ocrx_word' id='word_1_209' title='bbox 540 2448 688 2519; x_wconf 86' lang='lat' dir='ltr'>nempe,</span> <span class='ocrx_word' id='word_1_210' title='bbox 728 2447 931 2519; x_wconf 80' lang='lat' dir='ltr'>argenteam,</span> <span class='ocrx_word' id='word_1_211' title='bbox 971 2451 1011 2498; x_wconf 86' lang='lat' dir='ltr'>ac</span> 
     </span>
     <span class='ocr_line' id='line_1_38' title="bbox 246 2523 1011 2620; baseline 0.005 -26"><span class='ocrx_word' id='word_1_212' title='bbox 246 2549 390 2594; x_wconf 80' lang='lat' dir='ltr'>aeream.</span> <span class='ocrx_word' id='word_1_213' title='bbox 421 2528 514 2597; x_wconf 90' lang='lat' dir='ltr'>Nam</span> <span class='ocrx_word' id='word_1_214' title='bbox 543 2523 565 2596; x_wconf 89' lang='lat' dir='ltr'>st</span> <span class='ocrx_word' id='word_1_215' title='bbox 594 2525 762 2620; x_wconf 87' lang='lat' dir='ltr'>postrema</span> <span class='ocrx_word' id='word_1_216' title='bbox 791 2527 874 2600; x_wconf 90' lang='lat' dir='ltr'>haec</span> <span class='ocrx_word' id='word_1_217' title='bbox 903 2527 1011 2598; x_wconf 65' lang='lat' dir='ltr'>ani-</span> 
     </span>
     <span class='ocr_line' id='line_1_39' title="bbox 246 2623 1012 2727; baseline 0.005 -31"><span class='ocrx_word' id='word_1_218' title='bbox 246 2648 303 2696; x_wconf 89' lang='lat' dir='ltr'>me</span> <span class='ocrx_word' id='word_1_219' title='bbox 333 2623 493 2722; x_wconf 91' lang='lat' dir='ltr'>usurpata</span> <span class='ocrx_word' id='word_1_220' title='bbox 520 2624 662 2708; x_wconf 82' lang='lat' dir='ltr'>suisset,</span> <span class='ocrx_word' id='word_1_221' title='bbox 688 2654 793 2727; x_wconf 82' lang='lat' dir='ltr'>grave</span> <span class='ocrx_word' id='word_1_222' title='bbox 822 2628 929 2701; x_wconf 87' lang='lat' dir='ltr'>nimis</span> <span class='ocrx_word' id='word_1_223' title='bbox 957 2629 1012 2700; x_wconf 92' lang='lat' dir='ltr'>in·</span> 
     </span>
     <span class='ocr_line' id='line_1_40' title="bbox 246 2727 1012 2822; baseline 0.007 -24"><span class='ocrx_word' id='word_1_224' title='bbox 246 2727 474 2799; x_wconf 83' lang='lat' dir='ltr'>commodum</span> <span class='ocrx_word' id='word_1_225' title='bbox 512 2728 656 2822; x_wconf 92' lang='lat' dir='ltr'>publico</span> <span class='ocrx_word' id='word_1_226' title='bbox 697 2729 940 2817; x_wconf 89' lang='lat' dir='ltr'>commercio,</span> <span class='ocrx_word' id='word_1_227' title='bbox 977 2733 1012 2802; x_wconf 74' lang='grc' dir='ltr'>δε</span> 
     </span>
     <span class='ocr_line' id='line_1_41' title="bbox 246 2826 1010 2924; baseline 0.005 -26"><span class='ocrx_word' id='word_1_228' title='bbox 246 2826 441 2899; x_wconf 85' lang='lat' dir='ltr'>necessttati</span> <span class='ocrx_word' id='word_1_229' title='bbox 486 2830 701 2924; x_wconf 88' lang='lat' dir='ltr'>Populorum</span> <span class='ocrx_word' id='word_1_230' title='bbox 747 2829 898 2904; x_wconf 86' lang='lat' dir='ltr'>inlatum</span> <span class='ocrx_word' id='word_1_231' title='bbox 927 2829 1010 2905; x_wconf 83' lang='lat' dir='ltr'>suis-</span> 
     </span>
    </p>
   </div>
   <div class='ocr_carea' id='block_1_13' title="bbox 195 2925 1014 3248">
    <p class='ocr_par' dir='ltr' id='par_1_13' title="bbox 195 2925 1014 3248">
     <span class='ocr_line' id='line_1_42' title="bbox 246 2925 1014 3029; baseline 0.007 -29"><span class='ocrx_word' id='word_1_232' title='bbox 246 2925 319 3001; x_wconf 91' lang='lat' dir='ltr'>set.</span> <span class='ocrx_word' id='word_1_233' title='bbox 356 2929 450 3021; x_wconf 87' lang='lat' dir='ltr'>Quei</span> <span class='ocrx_word' id='word_1_234' title='bbox 485 2955 580 3001; x_wconf 85' lang='lat' dir='ltr'>entm</span> <span class='ocrx_word' id='word_1_235' title='bbox 609 2931 647 3003; x_wconf 91' lang='lat' dir='ltr'>in</span> <span class='ocrx_word' id='word_1_236' title='bbox 674 2934 917 3029; x_wconf 85' lang='lat' dir='ltr'>comparandis</span> <span class='ocrx_word' id='word_1_237' title='bbox 945 2928 1014 3005; x_wconf 92' lang='lat' dir='ltr'>Ci-</span> 
     </span>
     <span class='ocr_line' id='line_1_43' title="bbox 195 3028 1013 3132; baseline 0.018 -40"><span class='ocrx_word' id='word_1_238' title='bbox 195 3085 198 3092; x_wconf 88' lang='lat'>.</span> <span class='ocrx_word' id='word_1_239' title='bbox 248 3028 328 3118; x_wconf 85' lang='lat' dir='ltr'>bis,</span> <span class='ocrx_word' id='word_1_240' title='bbox 356 3028 734 3125; x_wconf 74' lang='lat' dir='ltr'>innumerisque&#39;leris</span> <span class='ocrx_word' id='word_1_241' title='bbox 762 3033 866 3132; x_wconf 83' lang='lat' dir='ltr'>pretii</span> <span class='ocrx_word' id='word_1_242' title='bbox 891 3036 1013 3122; x_wconf 79' lang='lat' dir='ltr'>rebus,</span> 
     </span>
     <span class='ocr_line' id='line_1_44' title="bbox 248 3128 1012 3248; baseline 0.007 -46"><span class='ocrx_word' id='word_1_243' title='bbox 248 3128 283 3203; x_wconf 89' lang='lat' dir='ltr'>se</span> <span class='ocrx_word' id='word_1_244' title='bbox 309 3129 456 3248; x_wconf 62' lang='lat' dir='ltr'>gplstlset</span> <span class='ocrx_word' id='word_1_245' title='bbox 485 3135 661 3232; x_wconf 88' lang='lat' dir='ltr'>Populus,</span> <span class='ocrx_word' id='word_1_246' title='bbox 689 3134 710 3207; x_wconf 88' lang='lat' dir='ltr'>li</span> <span class='ocrx_word' id='word_1_247' title='bbox 738 3134 830 3209; x_wconf 87' lang='lat' dir='ltr'>aerei</span> <span class='ocrx_word' id='word_1_248' title='bbox 863 3133 1012 3210; x_wconf 89' lang='lat' dir='ltr'>Nummi</span> 
     </span>
    </p>
   </div>
   <div class='ocr_carea' id='block_1_14' title="bbox 1127 2418 1893 2620">
    <p class='ocr_par' dir='ltr' id='par_1_14' title="bbox 1127 2418 1893 2620">
     <span class='ocr_line' id='line_1_45' title="bbox 1127 2418 1893 2514; baseline 0.007 -22"><span class='ocrx_word' id='word_1_249' title='bbox 1127 2438 1284 2514; x_wconf 87' lang='lat' dir='ltr'>peratore</span> <span class='ocrx_word' id='word_1_250' title='bbox 1329 2420 1440 2491; x_wconf 83' lang='lat' dir='ltr'>Anno</span> <span class='ocrx_word' id='word_1_251' title='bbox 1479 2418 1613 2495; x_wconf 84' lang='lat' dir='ltr'>Christi</span> <span class='ocrx_word' id='word_1_252' title='bbox 1654 2423 1893 2497; x_wconf 75' lang='lat' dir='ltr'>CCCllLlX.</span> 
     </span>
     <span class='ocr_line' id='line_1_46' title="bbox 1127 2516 1891 2620; baseline 0.007 -27"><span class='ocrx_word' id='word_1_253' title='bbox 1127 2519 1263 2614; x_wconf 85' lang='lat' dir='ltr'>reperio</span> <span class='ocrx_word' id='word_1_254' title='bbox 1299 2516 1337 2590; x_wconf 87' lang='lat' dir='ltr'>ln</span> <span class='ocrx_word' id='word_1_255' title='bbox 1376 2522 1471 2618; x_wconf 90' lang='lat' dir='ltr'>Lege</span> <span class='ocrx_word' id='word_1_256' title='bbox 1508 2525 1572 2594; x_wconf 90' lang='lat' dir='ltr'>vt.</span> <span class='ocrx_word' id='word_1_257' title='bbox 1599 2521 1684 2597; x_wconf 86' lang='lat' dir='ltr'>Lib.</span> <span class='ocrx_word' id='word_1_258' title='bbox 1709 2547 1744 2620; x_wconf 82' lang='lat'>9.</span> <span class='ocrx_word' id='word_1_259' title='bbox 1771 2523 1891 2599; x_wconf 86' lang='lat' dir='ltr'>Titui.</span> 
     </span>
    </p>
   </div>
   <div class='ocr_carea' id='block_1_15' title="bbox 1128 2619 2047 2705">
    <p class='ocr_par' dir='ltr' id='par_1_15' title="bbox 1128 2619 2047 2705">
     <span class='ocr_line' id='line_1_47' title="bbox 1128 2619 2047 2705; baseline 0.003 -11"><span class='ocrx_word' id='word_1_260' title='bbox 1128 2620 1345 2696; x_wconf 59' lang='lat' dir='ltr'>apendicis</span> <span class='ocrx_word' id='word_1_261' title='bbox 1355 2619 1615 2705; x_wconf 72' lang='lat' dir='ltr'>theodotam,</span> <span class='ocrx_word' id='word_1_262' title='bbox 1637 2624 1699 2698; x_wconf 90' lang='lat' dir='ltr'>ubi</span> <span class='ocrx_word' id='word_1_263' title='bbox 1722 2624 1893 2697; x_wconf 86' lang='lat' dir='ltr'>damnata·</span> <span class='ocrx_word' id='word_1_264' title='bbox 2042 2699 2047 2705; x_wconf 78' lang='grc'>,</span> 
     </span>
    </p>
   </div>
   <div class='ocr_carea' id='block_1_16' title="bbox 1127 2722 1895 3229">
    <p class='ocr_par' dir='ltr' id='par_1_16' title="bbox 1127 2722 1895 3229">
     <span class='ocr_line' id='line_1_48' title="bbox 1127 2722 1892 2819; baseline -0.001 -22"><span class='ocrx_word' id='word_1_265' title='bbox 1127 2744 1184 2797; x_wconf 85' lang='lat' dir='ltr'>tur</span> <span class='ocrx_word' id='word_1_266' title='bbox 1209 2722 1396 2793; x_wconf 74' lang='lat' dir='ltr'>Fluturarii</span> <span class='ocrx_word' id='word_1_267' title='bbox 1412 2777 1422 2810; x_wconf 90' lang='lat'>,</span> <span class='ocrx_word' id='word_1_268' title='bbox 1455 2725 1518 2819; x_wconf 82' lang='lat' dir='ltr'>qui</span> <span class='ocrx_word' id='word_1_269' title='bbox 1559 2725 1759 2815; x_wconf 76' lang='lat' dir='ltr'>Majuriuam</span> <span class='ocrx_word' id='word_1_270' title='bbox 1797 2748 1892 2816; x_wconf 83' lang='lat' dir='ltr'>pecu·</span> 
     </span>
     <span class='ocr_line' id='line_1_49' title="bbox 1128 2824 1894 2922; baseline 0.007 -28"><span class='ocrx_word' id='word_1_271' title='bbox 1128 2827 1237 2906; x_wconf 66' lang='lat' dir='ltr'>mam,</span> <span class='ocrx_word' id='word_1_272' title='bbox 1266 2824 1408 2913; x_wconf 76' lang='lat' dir='ltr'>separato</span> <span class='ocrx_word' id='word_1_273' title='bbox 1433 2846 1561 2920; x_wconf 81' lang='lat' dir='ltr'>argento</span> <span class='ocrx_word' id='word_1_274' title='bbox 1587 2828 1629 2899; x_wconf 75' lang='lat' dir='ltr'>ab</span> <span class='ocrx_word' id='word_1_275' title='bbox 1655 2855 1746 2913; x_wconf 80' lang='lat' dir='ltr'>aere,</span> <span class='ocrx_word' id='word_1_276' title='bbox 1772 2853 1894 2922; x_wconf 82' lang='lat' dir='ltr'>purga·</span> 
     </span>
     <span class='ocr_line' id='line_1_50' title="bbox 1128 2924 1894 3029; baseline 0.008 -30"><span class='ocrx_word' id='word_1_277' title='bbox 1128 2933 1230 2999; x_wconf 79' lang='lat' dir='ltr'>bant.</span> <span class='ocrx_word' id='word_1_278' title='bbox 1258 2926 1351 3000; x_wconf 90' lang='lat' dir='ltr'>Vide</span> <span class='ocrx_word' id='word_1_279' title='bbox 1377 2924 1416 2997; x_wconf 90' lang='lat' dir='ltr'>in</span> <span class='ocrx_word' id='word_1_280' title='bbox 1443 2952 1518 2999; x_wconf 91' lang='lat' dir='ltr'>cam</span> <span class='ocrx_word' id='word_1_281' title='bbox 1546 2933 1675 3029; x_wconf 86' lang='lat' dir='ltr'>Legem</span> <span class='ocrx_word' id='word_1_282' title='bbox 1697 2929 1894 3005; x_wconf 85' lang='lat' dir='ltr'>Gotholre·</span> 
     </span>
     <span class='ocr_line' id='line_1_51' title="bbox 1128 3029 1895 3127; baseline 0.008 -27"><span class='ocrx_word' id='word_1_283' title='bbox 1128 3030 1164 3100; x_wconf 91' lang='lat' dir='ltr'>di</span> <span class='ocrx_word' id='word_1_284' title='bbox 1196 3031 1334 3101; x_wconf 91' lang='lat' dir='ltr'>Notas.</span> <span class='ocrx_word' id='word_1_285' title='bbox 1364 3031 1421 3099; x_wconf 81' lang='lat' dir='ltr'>An</span> <span class='ocrx_word' id='word_1_286' title='bbox 1448 3029 1682 3127; x_wconf 82' lang='lat' dir='ltr'>religioliorcs</span> <span class='ocrx_word' id='word_1_287' title='bbox 1709 3030 1773 3106; x_wconf 90' lang='lat' dir='ltr'>bac</span> <span class='ocrx_word' id='word_1_288' title='bbox 1798 3030 1837 3105; x_wconf 89' lang='lat' dir='ltr'>in</span> <span class='ocrx_word' id='word_1_289' title='bbox 1858 3057 1895 3106; x_wconf 86' lang='lat' dir='ltr'>re</span> 
     </span>
     <span class='ocr_line' id='line_1_52' title="bbox 1129 3128 1895 3229; baseline 0.005 -28"><span class='ocrx_word' id='word_1_290' title='bbox 1129 3128 1261 3203; x_wconf 88' lang='lat' dir='ltr'>fuerint</span> <span class='ocrx_word' id='word_1_291' title='bbox 1290 3134 1400 3226; x_wconf 87' lang='lat' dir='ltr'>Reges</span> <span class='ocrx_word' id='word_1_292' title='bbox 1427 3130 1459 3202; x_wconf 79' lang='lat' dir='ltr'>dt</span> <span class='ocrx_word' id='word_1_293' title='bbox 1483 3130 1738 3229; x_wconf 88' lang='lat' dir='ltr'>Imperatores,</span> <span class='ocrx_word' id='word_1_294' title='bbox 1767 3133 1808 3205; x_wconf 92' lang='lat' dir='ltr'>ad</span> <span class='ocrx_word' id='word_1_295' title='bbox 1831 3159 1895 3205; x_wconf 88' lang='lat' dir='ltr'>nos</span> 
     </span>
    </p>
   </div>
   <div class='ocr_carea' id='block_1_17' title="bbox 248 3231 1896 3330">
    <p class='ocr_par' dir='ltr' id='par_1_17' title="bbox 248 3231 1896 3330">
     <span class='ocr_line' id='line_1_53' title="bbox 248 3231 1896 3330; baseline 0.002 -25"><span class='ocrx_word' id='word_1_296' title='bbox 248 3253 454 3330; x_wconf 77' lang='lat' dir='ltr'>neutiquam</span> <span class='ocrx_word' id='word_1_297' title='bbox 483 3234 520 3307; x_wconf 87' lang='lat' dir='ltr'>in</span> <span class='ocrx_word' id='word_1_298' title='bbox 561 3235 622 3309; x_wconf 84' lang='lat' dir='ltr'>usu</span> <span class='ocrx_word' id='word_1_299' title='bbox 660 3235 898 3313; x_wconf 73' lang='lat' dir='ltr'>exstitissent?</span> <span class='ocrx_word' id='word_1_300' title='bbox 943 3243 1013 3326; x_wconf 69' lang='grc' dir='ltr'>[ζα.</span> <span class='ocrx_word' id='word_1_301' title='bbox 1057 3249 1099 3320; x_wconf 73' lang='lat' dir='ltr'>D:</span> <span class='ocrx_word' id='word_1_302' title='bbox 1129 3257 1147 3303; x_wconf 94' lang='lat' dir='ltr'>e</span> <span class='ocrx_word' id='word_1_303' title='bbox 1174 3235 1434 3328; x_wconf 72' lang='lat' dir='ltr'>septemtrione</span> <span class='ocrx_word' id='word_1_304' title='bbox 1469 3231 1635 3325; x_wconf 67' lang='lat' dir='ltr'>deverti,</span> <span class='ocrx_word' id='word_1_305' title='bbox 1678 3235 1772 3307; x_wconf 90' lang='lat' dir='ltr'>malo</span> <span class='ocrx_word' id='word_1_306' title='bbox 1813 3233 1896 3308; x_wconf 81' lang='lat' dir='ltr'>aliis</span> 
     </span>
    </p>
   </div>
   <div class='ocr_carea' id='block_1_18' title="bbox 247 3336 1017 4146">
    <p class='ocr_par' dir='ltr' id='par_1_18' title="bbox 247 3336 1017 4146">
     <span class='ocr_line' id='line_1_54' title="bbox 247 3336 1016 3426; baseline 0.001 -21"><span class='ocrx_word' id='word_1_307' title='bbox 247 3359 431 3406; x_wconf 86' lang='lat' dir='ltr'>manorum</span> <span class='ocrx_word' id='word_1_308' title='bbox 470 3358 566 3406; x_wconf 89' lang='lat' dir='ltr'>aerea</span> <span class='ocrx_word' id='word_1_309' title='bbox 595 3337 755 3426; x_wconf 78' lang='lat' dir='ltr'>p&#39;ecunia&#39;</span> <span class='ocrx_word' id='word_1_310' title='bbox 783 3336 838 3402; x_wconf 79' lang='lat' dir='ltr'>vel</span> <span class='ocrx_word' id='word_1_311' title='bbox 880 3336 1016 3407; x_wconf 86' lang='lat' dir='ltr'>rusticis</span> 
     </span>
     <span class='ocr_line' id='line_1_55' title="bbox 249 3428 1013 3532; baseline 0.001 -26"><span class='ocrx_word' id='word_1_312' title='bbox 249 3455 334 3506; x_wconf 87' lang='lat' dir='ltr'>nota</span> <span class='ocrx_word' id='word_1_313' title='bbox 361 3431 429 3511; x_wconf 85' lang='lat' dir='ltr'>est,</span> <span class='ocrx_word' id='word_1_314' title='bbox 455 3456 564 3529; x_wconf 88' lang='lat' dir='ltr'>quum</span> <span class='ocrx_word' id='word_1_315' title='bbox 594 3428 739 3504; x_wconf 84' lang='lat' dir='ltr'>subinde</span> <span class='ocrx_word' id='word_1_316' title='bbox 764 3429 801 3503; x_wconf 91' lang='lat' dir='ltr'>in</span> <span class='ocrx_word' id='word_1_317' title='bbox 824 3433 917 3532; x_wconf 90' lang='lat' dir='ltr'>agris</span> <span class='ocrx_word' id='word_1_318' title='bbox 938 3459 1013 3507; x_wconf 88' lang='lat' dir='ltr'>eam</span> 
     </span>
     <span class='ocr_line' id='line_1_56' title="bbox 250 3531 1013 3630; baseline 0 -21"><span class='ocrx_word' id='word_1_319' title='bbox 250 3533 445 3609; x_wconf 86' lang='lat' dir='ltr'>effodiant.</span> <span class='ocrx_word' id='word_1_320' title='bbox 486 3536 671 3629; x_wconf 86' lang='lat' dir='ltr'>Propterea</span> <span class='ocrx_word' id='word_1_321' title='bbox 714 3531 811 3630; x_wconf 88' lang='lat' dir='ltr'>saepe</span> <span class='ocrx_word' id='word_1_322' title='bbox 847 3536 886 3609; x_wconf 91' lang='lat' dir='ltr'>in</span> <span class='ocrx_word' id='word_1_323' title='bbox 922 3534 1013 3609; x_wconf 89' lang='lat' dir='ltr'>anti·</span> 
     </span>
     <span class='ocr_line' id='line_1_57' title="bbox 249 3634 1015 3733; baseline -0.001 -23"><span class='ocrx_word' id='word_1_324' title='bbox 249 3636 329 3733; x_wconf 91' lang='lat' dir='ltr'>quis</span> <span class='ocrx_word' id='word_1_325' title='bbox 372 3634 666 3733; x_wconf 84' lang='lat' dir='ltr'>inscriptionibus</span> <span class='ocrx_word' id='word_1_326' title='bbox 701 3656 893 3710; x_wconf 86' lang='lat' dir='ltr'>occurrunt</span> <span class='ocrx_word' id='word_1_327' title='bbox 936 3639 1015 3722; x_wconf 87' lang='lat' dir='ltr'>vul-</span> 
     </span>
     <span class='ocr_line' id='line_1_58' title="bbox 251 3736 1014 3837; baseline 0.003 -27"><span class='ocrx_word' id='word_1_328' title='bbox 251 3757 352 3837; x_wconf 88' lang='lat' dir='ltr'>gatae</span> <span class='ocrx_word' id='word_1_329' title='bbox 389 3739 473 3809; x_wconf 89' lang='lat' dir='ltr'>illae</span> <span class='ocrx_word' id='word_1_330' title='bbox 513 3736 640 3811; x_wconf 87' lang='lat' dir='ltr'>literae</span> <span class='ocrx_word' id='word_1_331' title='bbox 684 3739 732 3811; x_wconf 76' lang='lat' dir='ltr'>A.</span> <span class='ocrx_word' id='word_1_332' title='bbox 760 3742 808 3811; x_wconf 86' lang='grc' dir='ltr'>Α.</span> <span class='ocrx_word' id='word_1_333' title='bbox 836 3742 881 3812; x_wconf 87' lang='grc' dir='ltr'>Α.</span> <span class='ocrx_word' id='word_1_334' title='bbox 910 3745 947 3812; x_wconf 82' lang='lat' dir='ltr'>F.</span> <span class='ocrx_word' id='word_1_335' title='bbox 977 3744 1014 3813; x_wconf 90' lang='lat' dir='ltr'>F.</span> 
     </span>
     <span class='ocr_line' id='line_1_59' title="bbox 250 3838 1017 3938; baseline 0.001 -24"><span class='ocrx_word' id='word_1_336' title='bbox 250 3839 334 3914; x_wconf 86' lang='lat' dir='ltr'>idrli</span> <span class='ocrx_word' id='word_1_337' title='bbox 361 3857 402 3911; x_wconf 90' lang='lat' dir='ltr'>ut</span> <span class='ocrx_word' id='word_1_338' title='bbox 437 3838 579 3914; x_wconf 80' lang='lat' dir='ltr'>Eruditi</span> <span class='ocrx_word' id='word_1_339' title='bbox 617 3838 709 3913; x_wconf 71' lang='lat' dir='ltr'>resle</span> <span class='ocrx_word' id='word_1_340' title='bbox 739 3839 1017 3938; x_wconf 88' lang='lat' dir='ltr'>interpretantur</span> 
     </span>
     <span class='ocr_line' id='line_1_60' title="bbox 249 3941 1016 4036; baseline 0.013 -29"><span class='ocrx_word' id='word_1_341' title='bbox 249 3947 364 4021; x_wconf 73' lang='lat' dir='ltr'>Auro,</span> <span class='ocrx_word' id='word_1_342' title='bbox 384 3947 552 4036; x_wconf 76' lang='lat' dir='ltr'>Argenta,</span> <span class='ocrx_word' id='word_1_343' title='bbox 579 3951 668 4014; x_wconf 70' lang='lat' dir='ltr'>Aere</span> <span class='ocrx_word' id='word_1_344' title='bbox 685 3941 829 4035; x_wconf 73' lang='lat' dir='ltr'>flando,</span> <span class='ocrx_word' id='word_1_345' title='bbox 851 3944 1016 4032; x_wconf 70' lang='lat' dir='ltr'>feriando.</span> 
     </span>
     <span class='ocr_line' id='line_1_61' title="bbox 249 4043 1016 4146; baseline 0.008 -34"><span class='ocrx_word' id='word_1_346' title='bbox 249 4046 366 4134; x_wconf 82' lang='lat' dir='ltr'>Quem</span> <span class='ocrx_word' id='word_1_347' title='bbox 406 4043 539 4120; x_wconf 80' lang='lat' dir='ltr'>more&#39;m</span> <span class='ocrx_word' id='word_1_348' title='bbox 566 4044 696 4117; x_wconf 81' lang='lat' dir='ltr'>Gotlri</span> <span class='ocrx_word' id='word_1_349' title='bbox 738 4070 879 4139; x_wconf 88' lang='lat' dir='ltr'>quoque</span> <span class='ocrx_word' id='word_1_350' title='bbox 904 4051 1016 4146; x_wconf 90' lang='lat' dir='ltr'>Reges</span> 
     </span>
    </p>
   </div>
   <div class='ocr_carea' id='block_1_19' title="bbox 1129 3331 1919 3611">
    <p class='ocr_par' dir='ltr' id='par_1_19' title="bbox 1129 3331 1919 3611">
     <span class='ocr_line' id='line_1_62' title="bbox 1129 3331 1896 3429; baseline 0.009 -27"><span class='ocrx_word' id='word_1_351' title='bbox 1129 3331 1356 3429; x_wconf 87' lang='lat' dir='ltr'>judicandum</span> <span class='ocrx_word' id='word_1_352' title='bbox 1385 3333 1603 3427; x_wconf 86' lang='lat' dir='ltr'>relinquere.</span> <span class='ocrx_word' id='word_1_353' title='bbox 1645 3336 1752 3428; x_wconf 85' lang='lat' dir='ltr'>Quod</span> <span class='ocrx_word' id='word_1_354' title='bbox 1782 3334 1896 3409; x_wconf 77' lang='lat' dir='ltr'>sollum</span> 
     </span>
     <span class='ocr_line' id='line_1_63' title="bbox 1130 3428 1919 3530; baseline 0.019 -30"><span class='ocrx_word' id='word_1_355' title='bbox 1130 3428 1413 3501; x_wconf 82' lang='lat' dir='ltr'>animadvertisse</span> <span class='ocrx_word' id='word_1_356' title='bbox 1434 3431 1525 3505; x_wconf 88' lang='lat' dir='ltr'>mibi</span> <span class='ocrx_word' id='word_1_357' title='bbox 1547 3435 1692 3522; x_wconf 83' lang='lat' dir='ltr'>uideor,</span> <span class='ocrx_word' id='word_1_358' title='bbox 1721 3435 1793 3530; x_wconf 88' lang='lat' dir='ltr'>post</span> <span class='ocrx_word' id='word_1_359' title='bbox 1815 3441 1919 3516; x_wconf 51' lang='lat' dir='ltr'>Sae·¹</span> 
     </span>
     <span class='ocr_line' id='line_1_64' title="bbox 1131 3531 1913 3611; baseline 0.012 -9"><span class='ocrx_word' id='word_1_360' title='bbox 1131 3531 1248 3603; x_wconf 88' lang='lat' dir='ltr'>culum</span> <span class='ocrx_word' id='word_1_361' title='bbox 1279 3531 1467 3605; x_wconf 87' lang='lat' dir='ltr'>Decimum</span> <span class='ocrx_word' id='word_1_362' title='bbox 1507 3553 1568 3609; x_wconf 87' lang='lat' dir='ltr'>ant</span> <span class='ocrx_word' id='word_1_363' title='bbox 1610 3536 1849 3609; x_wconf 89' lang='lat' dir='ltr'>Undecimum</span> <span class='ocrx_word' id='word_1_364' title='bbox 1878 3534 1913 3611; x_wconf 75' lang='lat' dir='ltr'>a</span> 
     </span>
    </p>
   </div>
   <div class='ocr_carea' id='block_1_20' title="bbox 1130 3630 2017 3735">
    <p class='ocr_par' dir='ltr' id='par_1_20' title="bbox 1130 3630 2017 3735">
     <span class='ocr_line' id='line_1_65' title="bbox 1130 3630 2017 3735; baseline 0.007 -29"><span class='ocrx_word' id='word_1_365' title='bbox 1130 3630 1280 3707; x_wconf 85' lang='lat' dir='ltr'>Cbrislo.</span> <span class='ocrx_word' id='word_1_366' title='bbox 1303 3650 1408 3723; x_wconf 90' lang='lat' dir='ltr'>nato,</span> <span class='ocrx_word' id='word_1_367' title='bbox 1438 3636 1564 3710; x_wconf 90' lang='lat' dir='ltr'>Italica</span> <span class='ocrx_word' id='word_1_368' title='bbox 1592 3636 1737 3735; x_wconf 90' lang='lat' dir='ltr'>pecunia</span> <span class='ocrx_word' id='word_1_369' title='bbox 1766 3639 1808 3711; x_wconf 87' lang='lat' dir='ltr'>ab</span> <span class='ocrx_word' id='word_1_370' title='bbox 1836 3664 1899 3711; x_wconf 90' lang='lat' dir='ltr'>an·</span> <span class='ocrx_word' id='word_1_371' title='bbox 2016 3661 2017 3664; x_wconf 73' lang='grc'>’</span> 
     </span>
    </p>
   </div>
   <div class='ocr_carea' id='block_1_21' title="bbox 1130 3733 1902 4140">
    <p class='ocr_par' dir='ltr' id='par_1_21' title="bbox 1130 3733 1902 4140">
     <span class='ocr_line' id='line_1_66' title="bbox 1131 3733 1900 3834; baseline 0.009 -27"><span class='ocrx_word' id='word_1_372' title='bbox 1131 3740 1231 3833; x_wconf 90' lang='lat' dir='ltr'>tiqua</span> <span class='ocrx_word' id='word_1_373' title='bbox 1258 3733 1412 3834; x_wconf 89' lang='lat' dir='ltr'>puritate</span> <span class='ocrx_word' id='word_1_374' title='bbox 1451 3736 1627 3828; x_wconf 87' lang='lat' dir='ltr'>declinare</span> <span class='ocrx_word' id='word_1_375' title='bbox 1668 3736 1789 3812; x_wconf 82' lang='lat' dir='ltr'>sensnm</span> <span class='ocrx_word' id='word_1_376' title='bbox 1817 3765 1900 3814; x_wconf 84' lang='lat' dir='ltr'>coe·</span> 
     </span>
     <span class='ocr_line' id='line_1_67' title="bbox 1131 3835 1900 3940; baseline 0.013 -33"><span class='ocrx_word' id='word_1_377' title='bbox 1131 3836 1208 3935; x_wconf 90' lang='lat' dir='ltr'>pit,</span> <span class='ocrx_word' id='word_1_378' title='bbox 1234 3835 1277 3910; x_wconf 87' lang='lat' dir='ltr'>ad</span> <span class='ocrx_word' id='word_1_379' title='bbox 1305 3861 1486 3913; x_wconf 82' lang='lat' dir='ltr'>enormem</span> <span class='ocrx_word' id='word_1_380' title='bbox 1515 3841 1628 3940; x_wconf 88' lang='lat' dir='ltr'>pollea</span> <span class='ocrx_word' id='word_1_381' title='bbox 1660 3841 1900 3938; x_wconf 88' lang='lat' dir='ltr'>perturbatio·</span> 
     </span>
     <span class='ocr_line' id='line_1_68' title="bbox 1130 3938 1900 4040; baseline 0.006 -30"><span class='ocrx_word' id='word_1_382' title='bbox 1130 3964 1209 4011; x_wconf 81' lang='lat' dir='ltr'>nent</span> <span class='ocrx_word' id='word_1_383' title='bbox 1240 3938 1421 4038; x_wconf 89' lang='lat' dir='ltr'>prolapsa,</span> <span class='ocrx_word' id='word_1_384' title='bbox 1448 3969 1552 4040; x_wconf 90' lang='lat' dir='ltr'>quam</span> <span class='ocrx_word' id='word_1_385' title='bbox 1581 3947 1616 4016; x_wconf 75' lang='grc' dir='ltr'>δι</span> <span class='ocrx_word' id='word_1_386' title='bbox 1644 3959 1805 4036; x_wconf 88' lang='lat' dir='ltr'>tempora</span> <span class='ocrx_word' id='word_1_387' title='bbox 1834 3969 1900 4016; x_wconf 88' lang='lat' dir='ltr'>no·</span> 
     </span>
     <span class='ocr_line' id='line_1_69' title="bbox 1130 4039 1902 4140; baseline 0.009 -28"><span class='ocrx_word' id='word_1_388' title='bbox 1130 4039 1199 4119; x_wconf 67' lang='lat' dir='ltr'>stra,</span> <span class='ocrx_word' id='word_1_389' title='bbox 1222 4041 1446 4140; x_wconf 89' lang='lat' dir='ltr'>conspiciunt</span> <span class='ocrx_word' id='word_1_390' title='bbox 1471 4047 1505 4117; x_wconf 78' lang='lat' dir='ltr'>bt</span> <span class='ocrx_word' id='word_1_391' title='bbox 1534 4045 1679 4120; x_wconf 87' lang='lat' dir='ltr'>dolent.</span> <span class='ocrx_word' id='word_1_392' title='bbox 1718 4049 1828 4120; x_wconf 89' lang='lat' dir='ltr'>Porro</span> <span class='ocrx_word' id='word_1_393' title='bbox 1853 4043 1902 4121; x_wconf 91' lang='lat' dir='ltr'>il·</span> 
     </span>
    </p>
   </div>
   <div class='ocr_carea' id='block_1_22' title="bbox 251 4140 1903 4238">
    <p class='ocr_par' dir='ltr' id='par_1_22' title="bbox 251 4140 1903 4238">
     <span class='ocr_line' id='line_1_70' title="bbox 251 4140 1903 4238; baseline 0.001 -21"><span class='ocrx_word' id='word_1_394' title='bbox 251 4143 289 4217; x_wconf 90' lang='lat' dir='ltr'>in</span> <span class='ocrx_word' id='word_1_395' title='bbox 313 4145 416 4216; x_wconf 72' lang='lat' dir='ltr'>trabs</span> <span class='ocrx_word' id='word_1_396' title='bbox 437 4145 631 4217; x_wconf 72' lang='lat' dir='ltr'>retinuere·</span> <span class='ocrx_word' id='word_1_397' title='bbox 651 4140 914 4218; x_wconf 83' lang='lat' dir='ltr'>Caffiodorium</span> <span class='ocrx_word' id='word_1_398' title='bbox 934 4174 1018 4219; x_wconf 87' lang='lat' dir='ltr'>con·</span> <span class='ocrx_word' id='word_1_399' title='bbox 1053 4152 1083 4226; x_wconf 77' lang='grc' dir='ltr'>Ε</span> <span class='ocrx_word' id='word_1_400' title='bbox 1132 4142 1195 4216; x_wconf 90' lang='lat' dir='ltr'>lud</span> <span class='ocrx_word' id='word_1_401' title='bbox 1221 4142 1477 4234; x_wconf 87' lang='lat' dir='ltr'>certiffimum,</span> <span class='ocrx_word' id='word_1_402' title='bbox 1505 4150 1673 4238; x_wconf 89' lang='lat' dir='ltr'>nullum,</span> <span class='ocrx_word' id='word_1_403' title='bbox 1701 4167 1740 4222; x_wconf 91' lang='lat' dir='ltr'>ut</span> <span class='ocrx_word' id='word_1_404' title='bbox 1768 4148 1819 4222; x_wconf 87' lang='lat' dir='ltr'>ita</span> <span class='ocrx_word' id='word_1_405' title='bbox 1845 4144 1903 4219; x_wconf 89' lang='lat' dir='ltr'>di-</span> 
     </span>
    </p>
   </div>
   <div class='ocr_carea' id='block_1_23' title="bbox 157 4243 1022 5152">
    <p class='ocr_par' dir='ltr' id='par_1_23' title="bbox 157 4243 1022 5152">
     <span class='ocr_line' id='line_1_71' title="bbox 252 4243 1017 4348; baseline 0.004 -29"><span class='ocrx_word' id='word_1_406' title='bbox 252 4244 325 4319; x_wconf 88' lang='lat' dir='ltr'>sule</span> <span class='ocrx_word' id='word_1_407' title='bbox 354 4247 436 4319; x_wconf 91' lang='lat' dir='ltr'>Lib.</span> <span class='ocrx_word' id='word_1_408' title='bbox 464 4269 499 4341; x_wconf 88' lang='lat'>7.</span> <span class='ocrx_word' id='word_1_409' title='bbox 527 4243 664 4317; x_wconf 89' lang='lat' dir='ltr'>Variar.</span> <span class='ocrx_word' id='word_1_410' title='bbox 697 4271 792 4318; x_wconf 85' lang='lat' dir='ltr'>num.</span> <span class='ocrx_word' id='word_1_411' title='bbox 830 4269 915 4348; x_wconf 67' lang='lat'>3²⁶³</span> <span class='ocrx_word' id='word_1_412' title='bbox 957 4249 1017 4322; x_wconf 87' lang='lat' dir='ltr'>ubi</span> 
     </span>
     <span class='ocr_line' id='line_1_72' title="bbox 253 4345 1018 4448; baseline 0.001 -26"><span class='ocrx_word' id='word_1_413' title='bbox 253 4345 314 4422; x_wconf 86' lang='lat' dir='ltr'>sub</span> <span class='ocrx_word' id='word_1_414' title='bbox 342 4348 487 4419; x_wconf 89' lang='lat' dir='ltr'>nomine</span> <span class='ocrx_word' id='word_1_415' title='bbox 529 4345 743 4422; x_wconf 79' lang='lat' dir='ltr'>Theoderici</span> <span class='ocrx_word' id='word_1_416' title='bbox 784 4346 892 4448; x_wconf 81' lang='lat' dir='ltr'>Regia</span> <span class='ocrx_word' id='word_1_417' title='bbox 933 4352 1018 4432; x_wconf 78' lang='lat' dir='ltr'>For·</span> 
     </span>
     <span class='ocr_line' id='line_1_73' title="bbox 254 4447 1020 4548; baseline 0.008 -27"><span class='ocrx_word' id='word_1_418' title='bbox 254 4453 412 4530; x_wconf 87' lang='lat' dir='ltr'>mulam,</span> <span class='ocrx_word' id='word_1_419' title='bbox 452 4475 515 4543; x_wconf 76' lang='lat' dir='ltr'>qua</span> <span class='ocrx_word' id='word_1_420' title='bbox 556 4452 692 4526; x_wconf 78' lang='lat' dir='ltr'>Moneta</span> <span class='ocrx_word' id='word_1_421' title='bbox 731 4447 859 4548; x_wconf 79' lang='lat' dir='ltr'>(idest</span> <span class='ocrx_word' id='word_1_422' title='bbox 895 4452 1020 4528; x_wconf 79' lang='lat' dir='ltr'>italice</span> 
     </span>
     <span class='ocr_line' id='line_1_74' title="bbox 255 4550 1021 4646; baseline 0.008 -23"><span class='ocrx_word' id='word_1_423' title='bbox 255 4551 290 4623; x_wconf 76' lang='lat' dir='ltr'>la</span> <span class='ocrx_word' id='word_1_424' title='bbox 323 4551 456 4646; x_wconf 73' lang='lat' dir='ltr'>Zerna)</span> <span class='ocrx_word' id='word_1_425' title='bbox 492 4551 729 4642; x_wconf 77' lang='lat' dir='ltr'>committitur,</span> <span class='ocrx_word' id='word_1_426' title='bbox 778 4550 881 4641; x_wconf 83' lang='lat' dir='ltr'>nobis</span> <span class='ocrx_word' id='word_1_427' title='bbox 926 4553 1021 4630; x_wconf 83' lang='lat' dir='ltr'>hisne</span> 
     </span>
     <span class='ocr_line' id='line_1_75' title="bbox 157 4649 1021 4748; baseline 0.006 -25"><span class='ocrx_word' id='word_1_428' title='bbox 157 4679 159 4684; x_wconf 71' lang='grc'>’</span> <span class='ocrx_word' id='word_1_429' title='bbox 254 4649 371 4724; x_wconf 86' lang='lat' dir='ltr'>verbis</span> <span class='ocrx_word' id='word_1_430' title='bbox 412 4649 582 4725; x_wconf 80' lang='lat' dir='ltr'>exbibet:</span> <span class='ocrx_word' id='word_1_431' title='bbox 626 4652 716 4726; x_wconf 72' lang='lat' dir='ltr'>Auri</span> <span class='ocrx_word' id='word_1_432' title='bbox 748 4651 888 4748; x_wconf 74' lang='lat' dir='ltr'>flamma</span> <span class='ocrx_word' id='word_1_433' title='bbox 928 4657 1021 4728; x_wconf 69' lang='lat' dir='ltr'>nulli</span> 
     </span>
     <span class='ocr_line' id='line_1_76' title="bbox 254 4751 1022 4854; baseline 0.009 -31"><span class='ocrx_word' id='word_1_434' title='bbox 254 4751 381 4844; x_wconf 64' lang='lat' dir='ltr'>injurii</span> <span class='ocrx_word' id='word_1_435' title='bbox 420 4753 642 4848; x_wconf 76' lang='lat' dir='ltr'>permixtionis</span> <span class='ocrx_word' id='word_1_436' title='bbox 676 4755 833 4848; x_wconf 74' lang='lat' dir='ltr'>albescat.</span> <span class='ocrx_word' id='word_1_437' title='bbox 875 4760 1022 4854; x_wconf 73' lang='lat' dir='ltr'>Argenti</span> 
     </span>
     <span class='ocr_line' id='line_1_77' title="bbox 255 4855 1020 4950; baseline 0.008 -25"><span class='ocrx_word' id='word_1_438' title='bbox 255 4855 335 4925; x_wconf 81' lang='lat' dir='ltr'>solor</span> <span class='ocrx_word' id='word_1_439' title='bbox 358 4856 470 4950; x_wconf 77' lang='lat' dir='ltr'>gratid</span> <span class='ocrx_word' id='word_1_440' title='bbox 496 4855 640 4926; x_wconf 79' lang='lat' dir='ltr'>canderis</span> <span class='ocrx_word' id='word_1_441' title='bbox 660 4859 821 4932; x_wconf 73' lang='lat' dir='ltr'>arrideat.</span> <span class='ocrx_word' id='word_1_442' title='bbox 846 4867 947 4932; x_wconf 70' lang='lat' dir='ltr'>Aeris</span> <span class='ocrx_word' id='word_1_443' title='bbox 966 4886 1020 4931; x_wconf 85' lang='lat' dir='ltr'>ru·</span> 
     </span>
     <span class='ocr_line' id='line_1_78' title="bbox 255 4956 1019 5055; baseline 0.012 -27"><span class='ocrx_word' id='word_1_444' title='bbox 255 4961 309 5028; x_wconf 74' lang='lat' dir='ltr'>bor</span> <span class='ocrx_word' id='word_1_445' title='bbox 337 4956 369 5026; x_wconf 80' lang='lat' dir='ltr'>in</span> <span class='ocrx_word' id='word_1_446' title='bbox 397 4956 516 5030; x_wconf 82' lang='lat' dir='ltr'>nativa</span> <span class='ocrx_word' id='word_1_447' title='bbox 541 4956 697 5055; x_wconf 79' lang='lat' dir='ltr'>qualitate</span> <span class='ocrx_word' id='word_1_448' title='bbox 730 4981 911 5055; x_wconf 80' lang='lat' dir='ltr'>permaneat</span> <span class='ocrx_word' id='word_1_449' title='bbox 946 4962 1019 5042; x_wconf 71' lang='lat' dir='ltr'>&amp;a</span> 
     </span>
     <span class='ocr_line' id='line_1_79' title="bbox 256 5060 1021 5152; baseline 0.017 -27"><span class='ocrx_word' id='word_1_450' title='bbox 256 5061 386 5132; x_wconf 78' lang='lat' dir='ltr'>Pondus</span> <span class='ocrx_word' id='word_1_451' title='bbox 412 5083 489 5152; x_wconf 77' lang='lat' dir='ltr'>quen</span> <span class='ocrx_word' id='word_1_452' title='bbox 516 5060 613 5131; x_wconf 79' lang='lat' dir='ltr'>etiam</span> <span class='ocrx_word' id='word_1_453' title='bbox 638 5060 837 5147; x_wconf 72' lang='lat' dir='ltr'>constiturum</span> <span class='ocrx_word' id='word_1_454' title='bbox 870 5064 1021 5137; x_wconf 73' lang='lat' dir='ltr'>Denariir</span> 
     </span>
    </p>
   </div>
   <div class='ocr_carea' id='block_1_24' title="bbox 255 5159 1022 5269">
    <p class='ocr_par' dir='ltr' id='par_1_24' title="bbox 255 5159 1022 5269">
     <span class='ocr_line' id='line_1_80' title="bbox 255 5159 1022 5269; baseline 0.016 -34"><span class='ocrx_word' id='word_1_455' title='bbox 255 5161 465 5260; x_wconf 73' lang='lat' dir='ltr'>praecipimur</span> <span class='ocrx_word' id='word_1_456' title='bbox 488 5159 599 5239; x_wconf 69' lang='lat' dir='ltr'>delere</span> <span class='ocrx_word' id='word_1_457' title='bbox 616 5161 745 5266; x_wconf 62' lang='lat' dir='ltr'>servati</span> <span class='ocrx_word' id='word_1_458' title='bbox 757 5216 770 5268; x_wconf 75' lang='lat'>3</span> <span class='ocrx_word' id='word_1_459' title='bbox 818 5163 913 5243; x_wconf 79' lang='lat' dir='ltr'>Illud</span> <span class='ocrx_word' id='word_1_460' title='bbox 938 5164 1022 5269; x_wconf 79' lang='lat' dir='ltr'>qui·</span> 
     </span>
    </p>
   </div>
   <div class='ocr_carea' id='block_1_25' title="bbox 1132 4245 1906 5244">
    <p class='ocr_par' dir='ltr' id='par_1_25' title="bbox 1132 4245 1906 5244">
     <span class='ocr_line' id='line_1_81' title="bbox 1133 4245 1903 4346; baseline 0.004 -30"><span class='ocrx_word' id='word_1_461' title='bbox 1133 4269 1239 4332; x_wconf 84' lang='lat' dir='ltr'>caat,</span> <span class='ocrx_word' id='word_1_462' title='bbox 1267 4263 1406 4342; x_wconf 89' lang='lat' dir='ltr'>tempus</span> <span class='ocrx_word' id='word_1_463' title='bbox 1432 4245 1554 4335; x_wconf 80' lang='lat' dir='ltr'>fuisse,</span> <span class='ocrx_word' id='word_1_464' title='bbox 1593 4274 1665 4344; x_wconf 89' lang='lat' dir='ltr'>quo</span> <span class='ocrx_word' id='word_1_465' title='bbox 1700 4245 1903 4346; x_wconf 81' lang='lat' dir='ltr'>impostori-</span> 
     </span>
     <span class='ocr_line' id='line_1_82' title="bbox 1132 4344 1903 4444; baseline 0.003 -26"><span class='ocrx_word' id='word_1_466' title='bbox 1132 4346 1328 4444; x_wconf 83' lang='lat' dir='ltr'>busatque</span> <span class='ocrx_word' id='word_1_467' title='bbox 1355 4344 1617 4422; x_wconf 89' lang='lat' dir='ltr'>insrdiatoribus</span> <span class='ocrx_word' id='word_1_468' title='bbox 1643 4373 1698 4421; x_wconf 89' lang='lat' dir='ltr'>res</span> <span class='ocrx_word' id='word_1_469' title='bbox 1725 4354 1903 4425; x_wconf 79' lang='lat' dir='ltr'>Nummu-</span> 
     </span>
     <span class='ocr_line' id='line_1_83' title="bbox 1132 4446 1903 4550; baseline -0.001 -28"><span class='ocrx_word' id='word_1_470' title='bbox 1132 4446 1186 4522; x_wconf 82' lang='lat' dir='ltr'>ria</span> <span class='ocrx_word' id='word_1_471' title='bbox 1212 4448 1389 4523; x_wconf 80' lang='lat' dir='ltr'>caruerit..</span> <span class='ocrx_word' id='word_1_472' title='bbox 1426 4453 1512 4522; x_wconf 83' lang='lat' dir='ltr'>Fere</span> <span class='ocrx_word' id='word_1_473' title='bbox 1539 4447 1693 4550; x_wconf 83' lang='lat' dir='ltr'>semper,</span> <span class='ocrx_word' id='word_1_474' title='bbox 1730 4448 1903 4548; x_wconf 86' lang='lat' dir='ltr'>inquam,</span> 
     </span>
     <span class='ocr_line' id='line_1_84' title="bbox 1135 4547 1905 4651; baseline 0 -28"><span class='ocrx_word' id='word_1_475' title='bbox 1135 4550 1310 4625; x_wconf 89' lang='lat' dir='ltr'>numerati</span> <span class='ocrx_word' id='word_1_476' title='bbox 1348 4547 1457 4641; x_wconf 79' lang='lat' dir='ltr'>lunt,</span> <span class='ocrx_word' id='word_1_477' title='bbox 1500 4548 1581 4651; x_wconf 79' lang='lat' dir='ltr'>qui·</span> <span class='ocrx_word' id='word_1_478' title='bbox 1607 4578 1730 4627; x_wconf 88' lang='lat' dir='ltr'>aurum</span> <span class='ocrx_word' id='word_1_479' title='bbox 1778 4574 1905 4651; x_wconf 90' lang='lat' dir='ltr'>argen-</span> 
     </span>
     <span class='ocr_line' id='line_1_85' title="bbox 1135 4649 1904 4748; baseline 0.003 -24"><span class='ocrx_word' id='word_1_480' title='bbox 1135 4670 1259 4727; x_wconf 80' lang='lat' dir='ltr'>tumve</span> <span class='ocrx_word' id='word_1_481' title='bbox 1286 4670 1384 4726; x_wconf 87' lang='lat' dir='ltr'>extra</span> <span class='ocrx_word' id='word_1_482' title='bbox 1412 4652 1591 4748; x_wconf 84' lang='lat' dir='ltr'>publicam</span> <span class='ocrx_word' id='word_1_483' title='bbox 1619 4658 1805 4729; x_wconf 89' lang='lat' dir='ltr'>Monetam</span> <span class='ocrx_word' id='word_1_484' title='bbox 1833 4649 1904 4726; x_wconf 84' lang='lat' dir='ltr'>fine</span> 
     </span>
     <span class='ocr_line' id='line_1_86' title="bbox 1139 4752 1905 4855; baseline 0 -28"><span class='ocrx_word' id='word_1_485' title='bbox 1139 4754 1317 4853; x_wconf 88' lang='lat' dir='ltr'>Principis</span> <span class='ocrx_word' id='word_1_486' title='bbox 1343 4754 1447 4827; x_wconf 85' lang='lat' dir='ltr'>venia</span> <span class='ocrx_word' id='word_1_487' title='bbox 1474 4752 1605 4855; x_wconf 74' lang='lat' dir='ltr'>signare</span> <span class='ocrx_word' id='word_1_488' title='bbox 1632 4783 1704 4832; x_wconf 92' lang='lat' dir='ltr'>non</span> <span class='ocrx_word' id='word_1_489' title='bbox 1732 4756 1812 4831; x_wconf 91' lang='lat' dir='ltr'>sunt</span> <span class='ocrx_word' id='word_1_490' title='bbox 1840 4780 1905 4827; x_wconf 85' lang='lat' dir='ltr'>ve·</span> 
     </span>
     <span class='ocr_line' id='line_1_87' title="bbox 1138 4853 1905 4956; baseline 0 -26"><span class='ocrx_word' id='word_1_491' title='bbox 1138 4855 1222 4938; x_wconf 88' lang='lat' dir='ltr'>riti,</span> <span class='ocrx_word' id='word_1_492' title='bbox 1261 4855 1315 4929; x_wconf 91' lang='lat' dir='ltr'>uti</span> <span class='ocrx_word' id='word_1_493' title='bbox 1342 4853 1381 4931; x_wconf 74' lang='grc' dir='ltr'>ἃ</span> <span class='ocrx_word' id='word_1_494' title='bbox 1408 4855 1469 4954; x_wconf 91' lang='lat' dir='ltr'>qui</span> <span class='ocrx_word' id='word_1_495' title='bbox 1508 4857 1693 4956; x_wconf 91' lang='lat' dir='ltr'>pecuniam</span> <span class='ocrx_word' id='word_1_496' title='bbox 1730 4855 1905 4933; x_wconf 86' lang='lat' dir='ltr'>immixto</span> 
     </span>
     <span class='ocr_line' id='line_1_88' title="bbox 1139 4957 1906 5058; baseline 0.003 -27"><span class='ocrx_word' id='word_1_497' title='bbox 1139 4957 1280 5031; x_wconf 81' lang='lat' dir='ltr'>vilioris</span> <span class='ocrx_word' id='word_1_498' title='bbox 1309 4957 1413 5058; x_wconf 92' lang='lat' dir='ltr'>pretii</span> <span class='ocrx_word' id='word_1_499' title='bbox 1442 4960 1588 5033; x_wconf 90' lang='lat' dir='ltr'>metallo</span> <span class='ocrx_word' id='word_1_500' title='bbox 1606 4961 1822 5050; x_wconf 89' lang='lat' dir='ltr'>adulterare,</span> <span class='ocrx_word' id='word_1_501' title='bbox 1843 4974 1906 5034; x_wconf 88' lang='lat' dir='ltr'>aut</span> 
     </span>
     <span class='ocr_line' id='line_1_89' title="bbox 1138 5060 1905 5242; baseline 0.001 -107"><span class='ocrx_word' id='word_1_502' title='bbox 1138 5085 1340 5165; x_wconf 85' lang='lat' dir='ltr'>germanam</span> <span class='ocrx_word' id='word_1_503' title='bbox 1365 5060 1556 5168; x_wconf 83' lang='lat' dir='ltr'>detondere</span> <span class='ocrx_word' id='word_1_504' title='bbox 1595 5081 1702 5170; x_wconf 90' lang='lat' dir='ltr'>atque</span> <span class='ocrx_word' id='word_1_505' title='bbox 1741 5061 1905 5242; x_wconf 64' lang='lat' dir='ltr'>arsrodere</span> 
     </span>
     <span class='ocr_line' id='line_1_90' title="bbox 1785 5179 1850 5244; baseline -0.062 0"><span class='ocrx_word' id='word_1_506' title='bbox 1785 5179 1850 5244; x_wconf 84' lang='lat' dir='ltr'>unt</span> 
     </span>
    </p>
   </div>
   <div class='ocr_carea' id='block_1_26' title="bbox 0 0 2126 6004">
    <p class='ocr_par' dir='ltr' id='par_1_26' title="bbox 0 0 2126 6004">
     <span class='ocr_line' id='line_1_91' title="bbox 0 0 2126 6004; baseline 0 0"><span class='ocrx_word' id='word_1_507' title='bbox 0 0 2126 6004; x_wconf 95' lang='lat' dir='ltr'> </span> 
     </span>
    </p>
   </div>
  </div>
 </body>
</html>
