4214 6014
293 378 373 463 175
556 351 1552 471 auctorizarunrrncrr
1726 357 1815 468 '176

278 469 337 536 Ad
374 464 562 544 Machinas
602 471 829 570 jaculatorias
865 471 991 553 redeo,
1028 473 1065 544 A
1104 471 1227 557 Afini.
1255 475 1303 544 Et
1330 470 1461 545 vetulla
1488 469 1630 570 quidem
1659 466 1763 570 hujus
1792 493 1870 542 mo·

225 586 316 658 quae
342 594 465 641 omnes
494 573 537 644 ab
574 573 732 671 antiquis
768 576 905 672 Ingenia
931 602 991 673 ap·

223 667 375 762 pellatae
418 669 519 757 sunt,
560 682 765 764 Tormenta,
805 676 991 768 Artijicia,

222 767 415 857 Aedificia,
445 801 463 847 a
493 777 713 852 florentinis
742 778 867 870 Difiri.
906 783 991 852 Pro·

223 885 342 962 pterea
379 878 557 970 Ingeniarii
591 880 626 951 δι
667 880 824 976 Ingeniofi
852 880 924 955 dici
951 909 992 954 ο-

222 966 289 1041 lim
318 976 577 1053 consueverunt
608 980 781 1082 ejusmodi
810 982 991 1058 machina-

224 1095 303 1147 rum
331 1077 529 1171 Artifices,
567 1081 610 1155 ad
648 1110 733 1178 quas
761 1084 991 1159 inveniendas

226 1168 266 1248 &
309 1179 545 1256 conficiendas
586 1185 733 1282 quilque
780 1185 991 1285 intelligit,

225 1280 380 1354 multum
425 1284 565 1385 Ingenii
608 1286 831 1360 adferendum
872 1287 990 1361 fuisse.

1101 574 1150 646 ris
1191 574 1328 672 origo.
1375 574 1591 647 Ammianus
1633 571 1869 645 Marcellinus

1101 677 1185 750 Lib.
1215 701 1273 772 23.
1301 678 1390 774 Cap.
1417 702 1444 769 4
1481 676 1521 748 ad
1551 679 1697 748 Annum
1735 669 1870 747 Christi

1101 781 1339 853 CCCLlllll.
1391 778 1598 851 Machinam
1648 775 1869 850 lithobolam

1102 879 1333 970 describens,
1375 907 1464 977 quae
1498 880 1612 970 saxum
1655 898 1870 972 contorquet,
2000 925 2002 929 ,

1101 984 1258 1079 quidquid
1286 983 1472 1071 incurrerit,
1509 982 1706 1073 collisurum.
1746 983 1809 1049 Cui
1835 1005 1872 1047 e-

1102 1085 1182 1154 tiam
1222 1086 1344 1177 onagri
1384 1085 1572 1155 vocabulum
1614 1083 1737 1153 indidit
1777 1102 1869 1151 actor

1103 1189 1230 1256 novella
1257 1191 1295 1255 ed
1330 1214 1387 1273 re,
1415 1195 1496 1280 quod
1521 1184 1624 1270 Afini
1651 1184 1738 1272 feri,
1772 1207 1870 1274 qrrrrnt

1102 1290 1272 1357 venatibus
1298 1288 1488 1379 agitantur,
1518 1288 1566 1356 ira
1591 1287 1713 1355 eminus
1743 1285 1870 1379 lapidet

225 1377 342 1453 Durat
368 1384 480 1459 adhuc
506 1386 597 1482 apud
626 1415 688 1462 nos
713 1391 831 1463 elidem
861 1388 991 1489 fignifi·
1034 1403 1063 1473 Β
1101 1389 1166 1482 posi
1192 1411 1280 1483 rorgo
1307 1389 1499 1458 calcitrando
1524 1389 1701 1464 emittunt,
1733 1406 1769 1453 ur
1794 1406 1868 1479 prr·

226 1479 368 1556 catione
395 1485 467 1581 ipsa
496 1515 567 1562 vox
606 1495 798 1588 lngegnara,
834 1519 923 1588 quae
950 1490 991 1562 ad

225 1582 455 1662 architectos
471 1618 612 1689 quoque
628 1595 795 1665 translata
816 1593 881 1664 ell.
902 1591 991 1665 Lin-

224 1708 293 1780 gua
321 1686 394 1785 ipsa
433 1694 559 1765 Italica
592 1695 681 1764 olim
721 1691 821 1766 hasce
858 1693 991 1765 machi·

223 1808 285 1856 nas
310 1791 444 1883 Ingegoi
462 1793 677 1890 appellavit.
700 1793 991 1867 Bartholomaeus
1035 1855 1043 1874 ,

224 1885 267 1957 de
290 1890 477 1964 Neocallro
505 1894 542 1967 in
570 1894 700 1968 Hillor.
729 1895 908 1982 Siculam
937 1922 992 1968 me

224 1987 321 2061 editi
362 1991 400 2064 in
429 1998 536 2068 Tom.
575 2001 677 2070 XIII.
716 2002 795 2070 Rer.
833 1997 989 2071 italicar.

224 2092 378 2187 Ingenias
404 2122 474 2169 non
503 2096 608 2170 semel
637 2119 919 2189 commemorat,
956 2102 990 2171 bc

225 2192 443 2271 obsidionem
471 2200 646 2275 Civitatis
672 2200 888 2283 describens,
916 2202 989 2275 ait:

1096 1491 1202 1579 forent
1222 1488 1350 1586 pedlora
1371 1490 1588 1583 sequentium,
1616 1509 1673 1560 aut
1699 1485 1870 1575 perfroflr't

1100 1592 1211 1683 offibrrs
1236 1591 1342 1684 capito
1369 1591 1438 1680 ipsa
1459 1591 1649 1684 diplodant.
1678 1588 1720 1662 In
1746 1594 1869 1661 Anna·

1101 1695 1194 1764 libus
1230 1691 1437 1764 Genuensrb.
1476 1694 1605 1764 Stellae
1641 1691 1681 1763 ad
1720 1695 1869 1763 Annum

1103 1798 1400 1868 Mcchnxn.
1429 1813 1670 1866 memorantur
1692 1793 1870 1864 Moabinoe

1099 1897 1224 1986 plures,
1261 1897 1371 1990 magni
1398 1899 1543 1984 ponderis
1580 1898 1704 1989 lapides
1734 1893 1867 1986 jacien-

1099 2018 1168 2067 tes:
1196 1999 1239 2068 (9⁴
1264 2020 1339 2086 prae
1366 1999 1442 2076 aliis
1469 1998 1629 2067 Machina
1655 2023 1746 2079 uno,
1783 2018 1868 2088 quae

1099 2099 1199 2182 Troia
1226 2099 1336 2197 (idest
1356 2104 1417 2172 Sus
1446 2097 1600 2179 femina,
1628 2097 1695 2168 slve
1717 2092 1868 2192 Scrofa)

1098 2225 1211 2275 vocato
1244 2200 1364 2294 jaciens
1402 2203 1541 2295 lapidem
1576 2199 1750 2290 ponderis,
1787 2194 1869 2292 qued

226 2297 370 2391 Lapides
396 2303 599 2398 Ingeniorum
625 2304 824 2377 volvuntur.
854 2303 989 2377 Addit:
1033 2311 1066 2381 C
1099 2304 1322 2374 Contrariorum
1351 2306 1424 2371 ΧΠ.
1464 2305 1558 2396 usque
1586 2304 1620 2370 in
1650 2303 1773 2371 XVIII.
1805 2322 1869 2366 vo-

227 2399 390 2492 Magister
420 2405 570 2496 ingeniare
595 2406 794 2493 Admirati,
830 2432 909 2500 quae
935 2432 992 2474 vo·

229 2500 361 2570 robatur
395 2505 644 2592 Castellionum,
680 2503 779 2576 ereflo
814 2509 993 2584 diametro,

227 2607 305 2673 adeo
329 2602 494 2694 subtiliori
521 2606 647 2702 ingenio
673 2611 865 2697 temperavit
902 2613 993 2703 lnge-

226 2704 316 2772 niam
332 2752 344 2785 ,
386 2710 468 2799 quod
507 2709 647 2800 quotiens
688 2735 725 2777 ere
765 2708 832 2800 ipsa
872 2709 995 2801 lapides

229 2803 422 2875 immittebat
449 2808 483 2874 in
510 2807 679 2893 Castrum,
701 2805 843 2901 singulos
870 2808 994 2901 lapides

228 2902 361 2990 imnrifit
398 2906 432 2976 iu
459 2913 616 2990 Puteum,
651 2907 707 3004 qui
742 2933 874 2980 voratur
899 2909 993 2986 Baa-

226 3004 310 3079 lius.
341 3011 464 3107 Atque
502 3009 581 3083 heic
611 3037 681 3083 non
711 3010 891 3101 reticebo,
929 3009 993 3082 lin-

95 3136 100 3142 ·
225 3111 383 3281 gularem
433 3112 610 3208 quondam
660 3113 829 3185 Amicum
877 3139 992 3186 meum

257 3263 266 3280 .
295 3213 476 3285 Berettum
507 3212 543 3285 in
576 3213 827 3286 Differtatione
854 3214 993 3289 Choro-

1099 2425 1207 2478 cotur.
1249 2407 1331 2475 Hoc
1371 2402 1523 2483 mitum,
1566 2400 1588 2472 fi
1630 2426 1750 2472 verum
1794 2396 1870 2488 eli,

1101 2505 1193 2603 quod
1223 2507 1390 2577 traditum
1421 2505 1521 2591 vicli,
1549 2506 1639 2601 apud
1667 2498 1871 2575 cannenses

1100 2609 1291 2678 Cantarium
1311 2606 1410 2677 fuine
1439 2606 1572 2700 pondus
1594 2625 1733 2675 centum
1761 2600 1870 2696 quin-

1101 2708 1270 2804 quaginta
1314 2706 1528 2777 Librarum.
1571 2703 1664 2775 Vide
1704 2704 1738 2772 &
1776 2699 1872 2799 apud

1104 2809 1356 2908 Dquangium
1387 2807 1423 2879 in
1452 2805 1631 2878 Gloffario
1670 2804 1804 2877 Latino
1830 2827 1872 2875 a·

1101 2911 1148 2982 lia
1177 2913 1384 2983 bellicarum
1413 2907 1585 2998 ejusmodi
1618 2903 1869 2979 Machinarum

1100 3017 1284 3108 exempla,
1312 3013 1439 3109 quibus
1464 3010 1618 3081 inditum
1648 3007 1717 3080 fuit
1737 3027 1873 3078 nomen

1100 3115 1218 3201 Troia.
1259 3118 1295 3184 ln
1338 3111 1438 3182 Attis
1481 3111 1596 3182 Mitis
1637 3106 1874 3203 Reipublicae

1104 3213 1314 3287 Mutinenfis
1334 3214 1375 3286 ad
1396 3218 1540 3283 Annum
1563 3213 1774 3284 MCCCVI‘.
1797 3234 1874 3282 me·

227 3310 394 3409 graphicb
435 3313 625 3412 praepositi
665 3319 786 3390 Tomo
828 3321 872 3391 x.
916 3321 994 3389 Rer.
1034 3338 1071 3406 1)
1103 3337 1281 3392 moratum
1311 3315 1384 3387 vidi
1414 3314 1614 3400 Ballistam,
1650 3315 1735 3410 quod
1759 3309 1873 3406 appel·

226 3412 345 3488 Italic.
374 3416 529 3490 retulilIe
565 3445 608 3491 ex
646 3416 856 3492 Memoriali
891 3423 993 3492 Pote-

224 3513 300 3590 stat.
327 3518 486 3618 Regiens.
512 3521 633 3593 Tomo
655 3524 757 3594 Vlll.
787 3548 862 3621 pag.
887 3545 995 3616 1107.

228 3619 309 3691 lter.
340 3620 605 3695 Italicar.l1aec
633 3623 761 3712 verba,
798 3650 909 3722 eaque
944 3627 994 3697 ita

225 3716 498 3814 interpretatum
517 3721 636 3796 Iuiss'e:
656 3730 704 3795 Er
718 3726 876 3799 habebant
892 3732 994 3798 Marr-

221 3823 373 3918 ganellas
393 3821 545 3920 (falles)
575 3826 609 3896 ir'r
634 3827 786 3921 plaustris
797 3877 809 3910 ,
836 3827 883 3906 ὡ
903 3855 993 3899 man-

221 3922 395 4020 ganabarr
422 3925 592 4021 (fustibus
620 3928 838 4025 caedebant)
864 3956 917 3999 ear
943 3951 998 4017 per

224 4025 423 4092 Cormccium
450 4033 606 4104 Parmae,
643 4028 692 4102 (φ’
730 4028 871 4095 homines
907 4029 998 4098 illius

224 4121 351 4217 partis.
379 4127 481 4218 Quae
509 4124 588 4198 heic
617 4127 851 4218 Marganeliae
872 4125 996 4201 dicun·

225 4242 309 4308 tur,
345 4221 502 4311 &alibi
541 4230 770 4324 Mangonellae
799 4232 997 4328 appellatae
1035 4249 1066 4318 Ε
1154 4290 1243 4356 Hm
1267 4288 1346 4357 Lib?

225 4327 481 4425 reperiuntur,
523 4336 698 4426 Margana
738 4331 877 4406 minora
920 4333 996 4409 fue·

226 4447 333 4518 runt,
371 4432 462 4506 unde
502 4433 780 4530 projiciebantur
819 4434 899 4510 saxa
935 4438 996 4511 ad-

228 4537 350 4607 rerslrs
376 4535 605 4609 Carroccium
634 4537 669 4608 ἃ
699 4539 872 4634 Populum
912 4543 995 4615 l’ar-

225 4635 408 4710 mensem.
439 4639 584 4712 Illarum
614 4666 755 4738 quoque
785 4642 922 4715 mentio
949 4642 996 4716 eli

225 4737 267 4813 in
314 4739 481 4814 Annalib.
523 4741 730 4816 Genuensrb.
772 4745 904 4818 Caffari
953 4743 996 4819 ad

227 4843 378 4917 Annum
394 4847 658 4920 Mccxxvtt.
676 4853 760 4922 Mos
773 4849 883 4921 etiam
903 4844 995 4932 fuit,

229 4964 359 5018 nomen
387 4945 485 5022 suum
513 4948 634 5021 indere
654 4949 827 5044 ejusmodi
852 4947 996 5018 Machi-

230 5042 289 5119 uis
314 5050 608 5151 praegrandibus,
635 5049 824 5149 praecipue
848 5043 996 5148 Lupi&

1103 3425 1190 3489 latur
1224 3426 1260 3490 la
1296 3427 1386 3490 Lova
1423 3415 1536 3512 (idest
1573 3417 1696 3512 Lupa)
1723 3413 1877 3494 valoris,

1105 3524 1145 3591 ὅ*
1172 3521 1397 3594 redimationis
1416 3521 1496 3589 circo
1523 3539 1728 3589 trecentorum
1752 3515 1871 3587 Libro·

1105 3652 1173 3695 rum
1201 3622 1455 3701 Mutinendunr.
1487 3622 1597 3694 Hilce
1624 3619 1709 3692 adde
1738 3615 1877 3692 ilenti·

1103 3753 1182 3800 cum
1215 3727 1357 3798 Roslam
1385 3728 1588 3799 Sinonem,
1623 3720 1686 3817 qai
1722 3717 1872 3791 Meibo·

1106 3829 1180 3899 mio
1225 3825 1307 3896 telle
1359 3824 1502 3895 circiter
1547 3826 1696 3897 Annum
1740 3821 1873 3897 MCC·

1105 3927 1331 4002 Lxxxvn.
1358 3922 1554 3997 scribebat:

1155 4085 1230 4153 Non
1256 4079 1322 4150 heic
1348 4079 1496 4175 unigenae.
1518 4077 1701 4171 [ὠνίων
1736 4076 1875 4151 Morbi·

1260 4212 1324 4254 rra.
1349 4188 1472 4255 Nomen

1350 4287 1410 4355 ilia
1429 4306 1534 4363 rerer,
1559 4282 1655 4377 quali
1668 4281 1768 4368 fiam
1785 4301 1875 4374 pon·

1256 4392 1333 4459 dera
1359 4387 1503 4455 librans.

1153 4491 1285 4561 Obtinet
1326 4487 1387 4554 illa
1424 4486 1499 4555 sais
1524 4508 1544 4549 .·
1578 4481 1633 4570 sed
1671 4481 1874 4579 Hirtredr'nr'q

1255 4591 1358 4683 aaa·
1374 4584 1443 4668 rra
1470 4584 1580 4674 marri

1154 4692 1221 4761 Illa
1247 4706 1362 4756 vocata
1389 4687 1486 4756 rratd.

1103 4844 1157 4915 Ita
1186 4841 1294 4914 Abbi)
1331 4837 1411 4914 [alb.
1441 4867 1475 4917 2.
1509 4843 1554 4917 (le
1586 4848 1771 4930 oblidione
1804 4857 1872 4926 Pt-

1104 4941 1163 5018 til.
1192 4965 1366 5018 memorat
1391 4948 1545 5034 strictos,
1560 4957 1675 5050 *vulgo
1698 4965 1873 5027 Caream-

1100 5048 1158 5144 las
1184 5048 1363 5145 reserator,
1387 5048 1459 5129 hoc
1483 5052 1555 5141 cll,
1582 5059 1875 5234 appellaqqqialn
