4214 6014
293 377 378 460 279
569 336 1011 458 Antrones.
1050 336 1304 429 Mauri
1345 341 1548 434 aasz
1671 307 1673 311 ’
1734 353 1821 442 aaa

234 469 358 540 Frater
370 459 520 552 Jacobus
535 457 724 534 Genuensrs
735 458 882 534 Ordinis
896 462 1000 532 Prae·
1043 463 1080 536 A
1111 461 1200 532 mille
1217 459 1292 542 &a
1312 464 1367 535 De
1385 465 1532 540 nomine
1554 467 1773 540 Servieatium
1792 493 1880 544 con-

228 564 455 655 dicatoeum,
495 564 594 663 cujus
631 563 814 637 Libellum
853 566 998 637 MStum

226 670 268 741 tle
294 672 388 740 Ledo
413 667 647 747 labarbaram,
685 662 756 739 live
789 670 829 737 de
863 666 1000 737 maribus

225 770 414 852 deminum,
450 766 597 842 Ellenlrs
630 764 856 841 Bibliotheca
894 764 999 862 polli-

67 892 71 898 ·
225 869 311 954 det,
338 868 572 971 compositum
594 871 721 942 Seculo
739 866 873 944 Christi
897 872 997 943 lIlIl.

226 992 289 1047 aut
327 977 427 1046 xlv.
464 970 556 1073 Cap.
584 976 618 1046 8.
645 971 729 1045 haec
765 973 890 1045 habet:
930 976 997 1044 Ri-

226 1078 339 1149 baldos
375 1072 422 1153 &¹
460 1080 599 1147 Laxates
631 1092 708 1145 ante
737 1073 902 1158 staillreeas
930 1082 998 1145 Ro·

225 1179 318 1248 eham
343 1177 480 1249 dicimus
500 1177 660 1262 situatas.
688 1179 752 1250 Aa
779 1178 939 1248 Vitorium
965 1203 999 1245 e·

225 1278 321 1369 stim,
348 1279 405 1375 qeei
436 1282 560 1351 Roebus
584 1278 727 1362 dicitur,
765 1280 905 1370 pertinet
938 1281 997 1364 ba·

1112 560 1274 637 sulendus
1301 563 1370 638 Vir
1394 566 1539 643 clariss.
1569 572 1673 644 Pater
1699 573 1830 647 Daniel
1857 599 1878 648 e

1110 666 1290 739 Societate
1330 663 1409 757 Jesu
1443 668 1528 746 Lib.
1564 695 1599 769 3.
1634 676 1723 776 Cap.
1760 699 1798 774 7.
1832 675 1877 752 de

1110 765 1230 842 Milit.
1258 772 1383 842 Franc.

1161 866 1535 948 Memoranturetiam
1550 873 1588 949 in
1608 874 1750 953 Militia
1769 884 1878 956 Secu·

1110 970 1228 1043 lorum
1258 972 1544 1050 antecedentium
1564 981 1753 1071 Cairieses,
1781 1008 1877 1058 nunc

1110 1071 1299 1164 inbono,
1335 1099 1429 1150 nunc
1459 1076 1498 1150 in
1535 1082 1630 1153 malo
1656 1079 1778 1158 sensu.
1815 1087 1877 1157 ln-

1111 1172 1249 1248 terdurn
1285 1173 1337 1250 ita
1373 1179 1543 1276 appellati
1580 1182 1784 1276 scutiferi,
1818 1185 1876 1261 in·

1110 1276 1417 1352 terdum'calones
1443 1275 1483 1354 ἂ
1519 1278 1645 1357 famuli
1681 1284 1792 1359 etiarn
1819 1285 1878 1362 vi-

224 1379 299 1455 lere
336 1382 500 1464 laminas,
535 1402 625 1474 aptas
660 1384 705 1456 ael
739 1382 919 1456 Civitatem
955 1381 999 1451 tl·
1049 1374 1080 1450 B
1109 1376 1241 1451 liores.
1277 1382 1326 1453 Et
1355 1381 1526 1479 quoniam
1565 1383 1724 1484 plerique
1749 1414 1793 1462 ex
1829 1385 1878 1464 iis

224 1483 296 1555 leta
316 1483 404 1577 Regi
428 1485 589 1556 sannatia
607 1485 824 1575 exploranda,
852 1486 896 1554 o
913 1489 998 1553 Crer-

218 1585 327 1679 leret,
355 1590 412 1682 qui
437 1589 500 1659 cito
525 1607 655 1685 portent
681 1586 816 1678 literas,
854 1582 902 1662 (θ’
928 1590 999 1655 Re-

220 1688 278 1784 gis
321 1692 488 1761 mandatis
538 1687 754 1781 obtemperent
785 1739 795 1759 .
847 1689 998 1775 Joanncs

227 1786 413 1862 Villanius
441 1789 526 1865 Lib.
558 1811 616 1862 11.
643 1784 736 1886 Cap.
768 1791 851 1885 138.
877 1786 999 1860 Hillo·

225 1886 309 1964 rias.
346 1888 424 1962 ait:
463 1897 531 1962 cte
562 1889 631 1982 selo
666 1889 680 1960 i
715 1889 859 1962 Ribaldi
883 1916 901 1959 s
926 1898 1000 1961 Ra·

221 1991 330 2090 gazzi
363 1989 441 2063 dell’
456 1993 517 2077 olle
553 1990 657 2073 noller
691 1994 868 2065 sarebbono
905 1991 1001 2064 virete

227 2093 306 2166 selle
331 2093 435 2185 pietrs
461 2095 489 2166 il
514 2094 689 2186 Battifalle
714 2092 771 2165 e'l
793 2116 909 2192 ports.
946 2097 1001 2168 Ita

229 2193 375 2271 studiose
400 2196 562 2289 Johanne
588 2197 632 2272 de
659 2199 802 2272 Bazano
822 2197 860 2272 in
881 2195 1002 2272 Chro-

1108 1477 1252 1576 juvenes
1278 1497 1394 1555 aetate
1422 1501 1542 1566 erant,
1572 1505 1755 1586 propterea
1782 1488 1877 1589 apud
1943 1556 1947 1562 .

1107 1578 1243 1655 Tuscos
1262 1581 1453 1667 invaluit,
1480 1601 1522 1661 ut
1547 1588 1693 1682 Gatrusi
1717 1593 1877 1690 appelle·

1107 1701 1232 1757 rentur
1256 1686 1355 1756 Pueri
1381 1705 1488 1787 atque
1513 1691 1738 1783 Adulescentes
1763 1691 1877 1766 etiam

1107 1784 1266 1860 nobiles.
1291 1791 1426 1862 Verlrm
1451 1789 1542 1888 apud
1566 1817 1631 1864 noe
1655 1817 1727 1867 vox
1753 1792 1876 1868 eadem

1107 1887 1292 1984 perdurat,
1329 1888 1385 1964 led
1412 1893 1662 1968 tantummodo
1688 1894 1731 1968 ed
1770 1894 1876 1996 figni-

1108 1987 1289 2073 ficandos,
1325 2011 1387 2066 aut
1421 2020 1592 2093 equorum
1619 2013 1795 2071 curatores
1831 1996 1873 2071 in

1107 2089 1268 2186 llabulo,
1305 2097 1451 2192 Gatrusi
1484 2100 1530 2171 da
1555 2097 1678 2187 slalla,
1713 2118 1773 2173 aut
1809 2097 1874 2198 qui

1108 2191 1171 2269 sub
1200 2195 1355 2271 Artifiee
1392 2197 1556 2300 magistro
1583 2217 1799 2300 operantur,
1834 2215 1875 2274 ut

229 2297 317 2374 nico
343 2298 542 2377 Mutinenst
568 2300 611 2375 ad
649 2305 799 2375 Annum
836 2299 1001 2376 MCCC·
1040 2291 1079 2372 C
1107 2299 1253 2391 Gatzsttt'
1276 2298 1532 2391 ds’Mutatoti,
1558 2303 1704 2397 Gatzsrsi
1727 2300 1874 2375 de’l'ar·

230 2405 351 2477 XLII.
380 2402 419 2477 in
445 2402 606 2481 exercitu
644 2404 860 2502 praedonum
890 2402 1000 2478 Ducis

227 2504 420 2580 Guarnerii
464 2505 740 2581 numerabantur
774 2507 865 2578 mille
903 2530 1001 2577 mete·

227 2609 342 2690 trices,
371 2611 542 2707 Regali,
570 2607 618 2689 ῤ’
644 2608 799 2682 Rubaldi
817 2608 926 2700 saris.
963 2607 1000 2682 Si

226 2711 457 2812 primitivum
502 2737 632 2784 nomen
669 2712 821 2781 Rabaldi
856 2707 999 2798 fuisset,

225 2838 246 2886 a
275 2809 410 2882 Rubare
435 2808 578 2884 fortasse
605 2809 795 2883 manallet.
826 2806 916 2896 Sed,
943 2808 999 2884 uti

227 2910 418 2996 dicebam,
447 2913 566 3012 potius
591 2938 612 2986 e
637 2909 856 2986 Germanico
883 2913 974 2985 Bald
988 2961 1000 2995 ,

228 3015 323 3092 unde
349 3015 503 3092 nollrum
533 3017 663 3103 Baldo,
690 3015 895 3109 Baldanza,
916 3017 1001 3087 Bal-

227 3120 389 3214 darezsso,
416 3119 642 3194 efformatum
669 3115 740 3191 fuir
759 3121 924 3191 Ribaldo.
953 3120 1001 3191 Et

1107 2400 1169 2472 teri
1188 2427 1229 2475 ec.
1258 2405 1384 2499 Neque
1403 2403 1446 2476 ab
1465 2402 1511 2478 iis
1530 2404 1621 2478 olirn
1641 2403 1788 2496 diversi,
1810 2402 1875 2503 qui

1107 2505 1266 2600 Ragazzi
1291 2502 1373 2580 sunt
1408 2506 1601 2604 appellari,
1637 2507 1784 2581 nomine
1812 2504 1874 2580 ed·

1106 2603 1175 2677 huc
1212 2607 1251 2677 in
1283 2606 1387 2679 Italia
1414 2607 1560 2706 vigente
1595 2608 1638 2680 ad
1674 2605 1875 2707 significem

1105 2702 1168 2775 dos
1197 2705 1326 2777 Pueros
1352 2704 1474 2803 vulgi.
1506 2707 1548 2780 ln
1576 2708 1777 2781 Annalibus
1806 2710 1875 2782 Pa·

1104 2802 1240 2878 tavinis
1275 2804 1382 2880 editis
1409 2810 1531 2881 Tomo
1558 2812 1660 2882 VIII.
1689 2813 1770 2882 Rer.
1801 2807 1876 2884 lte·

1105 2905 1205 2982 licat.
1235 2933 1312 3008 pag.
1339 2915 1427 3007 438.
1463 2910 1506 2983 ad
1534 2915 1682 2985 Annum
1711 2914 1877 2985 MCCC·

1108 3014 1242 3085 xxlv.
1268 3016 1351 3085 Dux
1371 3009 1585 3088 Carinthiae
1608 3012 1785 3088 adrenille
1809 3016 1876 3088 I’a·

1105 3110 1244 3185 tavium
1271 3113 1405 3186 dicitur
1429 3142 1498 3186 eum
1523 3142 1642 3210 magas
1667 3116 1876 3189 multitudine

226 3221 400 3320 quoniam
438 3219 576 3321 abjella
618 3218 794 3322 ejusmodi
836 3219 998 3294 virorum
1041 3212 1077 3285 D
1104 3211 1246 3286 militum
1282 3215 1326 3285 (9·
1358 3218 1527 3306 peditum,
1567 3217 1613 3284 (t
1651 3217 1879 3312 Ragaziaeuae

226 3321 405 3398 colluvies
456 3322 604 3423 perditis
652 3320 847 3404 moribus,
893 3340 1000 3419 atque

181 3436 185 3444 '
227 3423 330 3501 omni
358 3423 534 3501 vitiorum
554 3425 637 3501 tabe
656 3423 878 3505 abundabat,
901 3441 999 3497 tran·

224 3530 316 3603 slata
343 3527 389 3603 ell
416 3530 559 3602 Ribaldi
586 3555 657 3603 vox
685 3527 727 3602 ad
754 3526 999 3626 quoscumque

223 3629 410 3728 improbos
445 3633 481 3705 δι
519 3630 700 3706 leelestos.
736 3631 843 3704 Sabas
879 3631 999 3703 Mala·

222 3727 323 3824 spina
364 3732 450 3808 Lib.
487 3755 522 3830 3.
560 3737 649 3831 Cap.
693 3756 749 3808 ιο.
790 3729 997 3818 Historiae,

220 3833 345 3909 Tomo
366 3838 467 3909 VllI.
494 3838 576 3910 Rer.
596 3832 829 3923 Italicarum,
848 3829 992 3929 inquit:

220 3939 288 4006 His
313 3959 479 4005 mesenum
500 3939 607 4026 primi
632 3933 780 4003 Ribaldi
792 3979 805 4010 ,
841 3931 899 4019 qeei
919 3952 995 4017 gee-

215 4032 324 4125 gatim
348 4036 388 4096 de
415 4029 559 4096 Ftancia
590 4039 749 4091 mactant
775 4018 849 4091 &a
876 4024 994 4086 Variam

1102 3314 1193 3413 quali
1219 3319 1395 3405 ardorum,
1425 3317 1481 3414 qai
1506 3317 1755 3404 aestimabantur
1781 3316 1877 3415 quali

1102 3418 1230 3513 viginti
1253 3419 1360 3489 millia
1382 3419 1466 3491 inter
1487 3418 1583 3492 bones
1601 3423 1645 3490 (9·
1670 3422 1788 3494 malos.
1817 3423 1875 3496 De

1105 3519 1256 3617 Ragazis
1282 3519 1419 3620 aliquid
1456 3519 1604 3595 scribam
1633 3521 1672 3594 in
1704 3521 1875 3596 Disserta-

1104 3620 1206 3697 tIone
1234 3627 1405 3696 XXXIII.
1431 3629 1471 3696 de
1495 3624 1611 3720 origia.
1641 3629 1707 3696 Vas.
1730 3626 1873 3699 Italicas.

1103 3725 1157 3799 Hi
1187 3725 1291 3806 ,enim
1319 3726 1489 3823 appellati
1518 3725 1658 3800 Familii
1692 3724 1730 3800 in
1757 3724 1873 3799 Addi-

1102 3841 1253 3898 tament.
1280 3825 1323 3894 ad
1351 3824 1483 3897 Histor.
1510 3824 1758 3901 Cortusrorum
1788 3827 1872 3903 Lib.

1101 3931 1138 3991 ό.
1163 3923 1251 4013 Cap.
1280 3920 1416 4016 ptimo,
1439 3926 1561 3997 Tomo
1587 3931 1669 4002 llll.
1694 3935 1774 4004 Rer.
1800 3932 1874 4002 lta·

1100 4014 1223 4106 lican,
1242 4017 1335 4091 unde
1356 4019 1486 4097 Italica
1506 4053 1576 4101 vox
1600 4033 1784 4129 Famiglis.
1807 4034 1875 4105 Ri-

219 4125 374 4201 Sarasem‘
407 4125 449 4193 de
483 4144 595 4204 mare,
627 4116 815 4212 priusquam
842 4113 881 4209 se
911 4114 993 4207 jun·
1039 4108 1067 4177 Ε
1100 4116 1208 4187 haldis
1234 4141 1352 4196 autem
1378 4144 1481 4201 antea
1507 4135 1715 4209 memoratis
1741 4132 1876 4206 adden·

161 4229 162 4232 '
214 4249 328 4327 gant,
362 4221 558 4297 manualiter
590 4215 729 4303 buslibet
761 4245 802 4289 aa
830 4216 993 4319 pharetris

217 4336 286 4402 tela
309 4346 480 4421 promant,
506 4319 554 4403 θ
575 4319 773 4416 sagittantes
792 4319 905 4414 subito
922 4319 990 4395 Ri-

218 4432 332 4504 baldss
351 4429 424 4512 fiee
447 4446 576 4496 numm
595 4421 768 4512 sauciant.
804 4420 902 4499 Infra
927 4421 991 4496 ad·

216 4530 295 4606 dit:
324 4529 456 4602 Militat
479 4544 587 4596 autem
612 4523 739 4594 Gallici
757 4524 899 4625 stragem
920 4525 990 4598 Ri-

215 4633 386 4708 barrama
411 4643 480 4694 tam
501 4622 609 4716 subito
630 4627 832 4722 pereuntium
864 4626 988 4721 saliam

214 4736 384 4807 detenter.
420 4733 593 4822 quamdam
621 4726 720 4802 aciem
744 4731 887 4829 equitnm
910 4735 984 4802 Set·

213 4834 377 4902 vieetierm
412 4830 573 4904 Ribaldis
610 4833 770 4929 deputant
804 4835 986 4925 jubentes·

214 4956 309 5006 ram.
337 4933 468 5007 lttttent
496 4935 599 5032 igitar
633 4938 668 5005 ise
694 4943 866 5007 Saracenos
889 4956 985 5024 peae-

207 5036 345 5134 dictes,
379 5038 566 5115 servientes
596 5035 719 5133 equites
743 5057 870 5106 semera
898 5035 984 5129 ferre

1097 4215 1136 4288 di
1162 4220 1315 4319 ejusdem
1344 4224 1455 4306 ferme
1487 4235 1647 4332 generis,
1683 4251 1744 4306 aut
1770 4231 1873 4327 ipfis-

1099 4315 1177 4396 fimi
1203 4330 1434 4422 Sucronensi,
1457 4334 1520 4431 qui
1549 4335 1673 4408 Seculo
1701 4334 1800 4406 xlv.
1829 4334 1874 4413 ia

1097 4420 1205 4499 ltalia
1236 4432 1390 4506 celebres
1425 4433 1584 4505 evasere.
1621 4430 1673 4506 Hi
1712 4458 1872 4535 nempe,

1096 4528 1239 4624 quoties
1264 4530 1399 4607 occasio
1423 4530 1581 4620 serebat,
1609 4536 1650 4607 ad
1679 4538 1870 4635 praedam,

1097 4627 1232 4716 sactum
1256 4629 1469 4722 deserendo,
1486 4639 1749 4715 convolabant.
1777 4645 1868 4718 Pro·
1968 4638 1971 4643 ⁵

1095 4730 1167 4802 diit
1191 4757 1314 4804 eorum
1345 4757 1476 4809 nomen
1503 4739 1588 4810 dall’
1605 4744 1745 4817 italiana
1773 4752 1868 4819 Seres
1905 4747 1908 4753 ’

1095 4829 1233 4929 (inquit
1253 4837 1458 4940 Menagius)
1478 4846 1570 4915 adal
1587 4847 1720 4938 Tedesca
1738 4851 1868 4931 Mane,

1095 4935 1147 5006 ebe
1173 4936 1248 5009 vale
1274 4965 1387 5022 tremo,
1423 4970 1504 5014 eosne
1531 4947 1564 5034 {a
1586 4947 1620 5032 st
1643 4946 1752 5044 diceffe
1778 4975 1870 5022 uome

1090 5038 1132 5115 re·
1149 5039 1258 5133 laert.
1290 5043 1493 5123 Leodcifius
1517 5045 1704 5127 Ccibellus
1728 5049 1767 5122 in
1797 5051 1870 5128 Vi-

1772 5167 1815 5225 12
