4214 6014
379 344 459 429 ¹7⁹
642 313 1087 433 Anrroorr.
1137 311 1400 403 ncorr
1442 313 1632 402 aori

1811 320 1894 406 180
1938 407 1940 413 Α

314 436 447 504 Notarii
472 433 520 511 &¹
546 432 670 519 talliam
691 432 952 528 subscriptorum.
988 440 1077 508 Fra·
1115 434 1150 506 A
1193 437 1368 530 reliquum
1408 460 1510 535 penes
1541 451 1576 506 te
1604 434 1769 506 volumus
1795 459 1954 509 remane·

313 553 362 600 ter
388 534 551 627 Loffiidas
570 536 747 628 Conversus
771 535 1005 630 Faffaerrouae,
1033 547 1077 608 Θ·

312 633 513 718 castellanus
550 645 670 709 Rrecae
704 642 885 730 fumosis,
916 663 975 739 per
1009 646 1076 713 Do·

311 737 432 806 minum
475 738 642 811 Nicolaum
675 745 716 812 de
750 743 905 840 Anagria
945 742 1077 816 Domini

310 841 423 925 Papae
449 843 685 930 Capelianum,
722 842 769 922 &⁹
798 845 981 917 Leotboriur
1005 872 1076 916 con·

303 935 454 1032 sobrinus
480 941 619 1036 eiusdem
647 945 806 1038 Domini,
838 943 1078 1042 refignaverua'r

312 1046 448 1114 Roccam
475 1048 631 1117 Fumoois
662 1048 785 1118 nomiae
810 1045 859 1126 θ’
885 1050 955 1120 vice
981 1048 1078 1142 ipsius

311 1143 466 1227 Domini,
502 1148 553 1218 cui
585 1147 654 1243 ipfir
691 1158 793 1223 Rooca
827 1154 869 1223 ab
893 1151 1078 1242 apostatica

312 1247 394 1317 Sede
423 1251 469 1318 ad
502 1248 718 1335 custodendum
754 1254 863 1343 fuerat
899 1247 1077 1344 commiffa,

312 1373 380 1417 eum
414 1346 506 1419 rebus
541 1351 674 1442 inferius
709 1355 897 1435 adnotatis,
935 1357 1079 1426 Burbino
1117 1345 1143 1414 Β

311 1446 477 1519 servienti
498 1453 630 1523 Domini
648 1461 776 1551 Papae,
797 1459 970 1548 secordiam
987 1484 1078 1526 marr·

311 1549 423 1619 datum
450 1575 601 1648 receptum
625 1579 682 1651 per
709 1560 835 1631 Lireras
861 1558 993 1630 Domini
1012 1565 1076 1629 Pa·

306 1669 369 1745 pac
398 1650 582 1743 sopradil'lr'
596 1711 605 1729 .
645 1666 792 1752 Quarum
822 1662 1004 1730 Literarum
1030 1679 1077 1727 tc-

310 1777 368 1820 aot
406 1755 485 1824 ralis
526 1779 626 1829 erar.
683 1760 843 1832 Urbanus
885 1758 1077 1855 Episcopus

310 1848 428 1925 servus
470 1852 648 1930 servorum
693 1861 788 1941 Dei,
829 1860 963 1934 diledlo
999 1860 1078 1935 filio

312 1954 469 2028 Nicolao
505 1956 547 2032 de
581 1962 743 2055 Anagnia
782 1959 983 2056 Capellaoo
1014 1989 1077 2035 no-

309 2053 401 2144 llro,
430 2059 552 2156 nepoti
578 2060 694 2136 felicis
714 2065 969 2138 recordationis
989 2073 1076 2142 Gre-

310 2159 403 2257 gorii
435 2161 547 2259 Papae
584 2165 849 2259 praedecessoris
884 2166 990 2239 nostri
1027 2164 1045 2238 s
1062 2208 1077 2222 -

1192 564 1247 610 re.
1278 542 1401 635 Neque
1429 537 1466 608 in
1494 533 1724 635 affignatione
1751 534 1854 634 ipsius
1881 541 1957 610 Ca·

1191 639 1274 727 liri,
1316 638 1409 737 quod
1452 663 1669 737 nequaquam
1712 636 1754 708 ad
1797 637 1956 735 praesens

1191 741 1375 815 dimittere
1401 740 1469 814 tibi
1509 741 1763 836 proponimus,
1800 739 1860 812 sub
1897 739 1956 839 spe

1190 844 1404 918 obtinendae
1440 869 1459 914 a
1496 843 1598 914 nobis
1639 841 1842 915 ulteriorem
1876 843 1955 941 ejus

1191 945 1465 1025 detentionem,
1506 946 1661 1041 aliquam
1702 941 1954 1018 diffiaultatem

1192 1048 1354 1131 inheras,
1392 1046 1460 1118 srve
1489 1070 1649 1130 moram,
1686 1071 1793 1141 quum
1822 1069 1957 1142 nequa·

1191 1177 1295 1248 quam
1334 1168 1368 1223 te
1404 1149 1441 1223 in
1479 1147 1546 1222 hoc
1580 1146 1856 1235 exaudiremus,
1897 1143 1956 1221 sed

1191 1279 1387 1348 gereremus
1414 1250 1455 1322 ad
1491 1275 1598 1349 grave
1636 1248 1753 1343 potilts
1779 1251 1813 1320 δι
1842 1248 1958 1319 mole·

1191 1354 1302 1424 llum.
1342 1358 1471 1424 Datum
1510 1353 1600 1450 apud
1629 1349 1955 1440 Urbemveterem,

1192 1457 1236 1526 V.
1266 1457 1387 1528 Nonas
1423 1450 1537 1542 Julii,
1576 1449 1811 1524 Pontificatus
1846 1449 1956 1526 nostri

1194 1560 1301 1628 Anno
1336 1555 1383 1630 II.
1421 1563 1485 1625 Res
1526 1574 1631 1627 autem
1668 1552 1843 1646 redgnarae
1876 1554 1958 1644 suat

1191 1660 1271 1730 bae.
1310 1662 1347 1728 lo
1380 1656 1494 1753 primis
1524 1656 1602 1746 lunt
1638 1660 1757 1728 XLVI.
1794 1658 1883 1727 rinae
1915 1659 1957 1727 dr

1188 1784 1313 1854 grano:
1339 1759 1413 1829 item
1441 1763 1512 1829 XV.
1539 1762 1628 1828 tinae
1652 1765 1692 1828 de
1720 1757 1834 1847 farina
1854 1753 1957 1852 grani

1187 1861 1296 1952 farri:
1322 1859 1369 1938 ψ’
1390 1867 1430 1932 X.
1452 1866 1540 1930 rinae
1562 1868 1602 1929 de
1621 1860 1734 1949 farina
1756 1863 1855 1954 grani
1867 1856 1958 1954 spel·

1192 1984 1271 2034 tae:
1298 1963 1372 2031 item
1399 1965 1551 2032 XXXIV.
1578 1961 1729 2031 cinaede
1757 1959 1888 2050 spelta:
1925 1957 1959 2028 a·-

1193 2087 1254 2135 tem
1281 2069 1386 2137 XVll.
1422 2069 1521 2135 Saura
1533 2111 1546 2144 ‚
1579 2066 1619 2133 de
1653 2060 1765 2158 quibus
1800 2062 1959 2156 quaedam

1188 2163 1296 2256 [radia
1322 2166 1421 2254 {aare
1448 2166 1522 2235 irem
1550 2164 1760 2240 Xllitioae
1784 2166 1823 2232 de
1850 2159 1958 2247 simu·

310 2260 422 2332 lutetn
446 2262 479 2332 &
504 2265 749 2362 Apostolicam
772 2268 1075 2342 benedillionem.
1120 2251 1152 2322 C
1192 2270 1251 2336 la:
1288 2268 1362 2336 irem
1387 2271 1479 2339 XVI.
1508 2267 1723 2361 cappilliaae,
1760 2287 1840 2336 cum
1870 2263 1956 2336 Vll.

312 2364 433 2454 Quum
464 2387 606 2459 propter
631 2371 824 2463 quaedam,
852 2396 941 2466 quae
963 2370 1000 2441 in
1022 2367 1077 2441 his

314 2463 437 2534 diebus
464 2464 501 2534 in
529 2462 751 2562 Campaniae
779 2471 937 2565 partibus
964 2495 1075 2544 emer-

311 2559 452 2638 serunt.
479 2561 641 2643 Callrum
671 2573 841 2646 Fumonis
868 2573 1074 2672 Anagnien-

311 2662 352 2739 fis
383 2664 579 2752 Dioecests,
616 2673 714 2768 cujus
754 2675 907 2746 custodia
935 2675 1004 2746 tibi
1031 2675 1077 2745 est

312 2769 356 2838 ab
382 2768 586 2862 Apostolicl
613 2772 697 2842 Sede
722 2772 925 2859 commissa,
953 2771 990 2844 in
1012 2799 1076 2842 no·

313 2865 388 2940 llris
416 2867 578 2943 manibus
605 2871 721 2947 modis
748 2872 914 2947 omnibus
951 2873 1076 2947 habere

311 2967 491 3058 velimus,
527 2971 732 3049 discretioni
770 2995 851 3049 tuae
888 3003 948 3073 per
975 2979 1075 3074 Apo·

309 3070 431 3146 stolica
458 3069 589 3162 scripta
620 3074 681 3152 sub
711 3105 822 3175 poena
849 3078 984 3173 gratiae
1011 3106 1076 3151 no·

1193 2366 1332 2439 Baliliis
1367 2368 1411 2438 de
1446 2367 1548 2465 ligno
1584 2365 1724 2438 smilis:
1762 2363 1849 2437 item
1890 2367 1958 2438 lv,

1193 2466 1319 2541 fundae
1345 2467 1388 2541 de
1415 2465 1672 2569 Manganello;
1711 2463 1758 2545 ἔθ’
1793 2493 1859 2538 una
1884 2492 1959 2536 erre·

1192 2573 1263 2641 cola
1297 2577 1336 2640 de
1373 2592 1484 2642 torno.
1520 2575 1598 2641 leem
1634 2574 1692 2640 XI.
1728 2590 1855 2662 vegetes
1888 2592 1961 2638 cam

1195 2675 1231 2739 V.
1258 2671 1428 2741 caballaria
1460 2670 1563 2759 vini,
1598 2669 1643 2737 (9·
1677 2695 1742 2737 una
1776 2671 1816 2738 de
1841 2691 1961 2739 aeetae

1194 2772 1267 2840 item
1297 2772 1356 2843 lli.
1384 2768 1470 2850 tini,
1497 2767 1541 2848 θ’
1572 2773 1627 2842 IV.
1649 2769 1809 2861 scamna,
1844 2767 1891 2848 (φ
1919 2795 1962 2839 tr·

1193 2897 1232 2941 a
1265 2872 1369 2961 arao,
1407 2872 1450 2942 o
1483 2869 1610 2943 auarus
1644 2872 1764 2942 aaran
1788 2877 1829 2940 a
1851 2868 1960 2961 arpa:
2083 2853 2086 2856 ’

1193 2974 1268 3044 item
1294 2981 1376 3045 duae
1402 2994 1549 3064 caterae,
1578 2974 1621 3044 Ο
1640 3000 1706 3042 rora
1731 2973 1880 3061 lucerna,
1908 2970 1959 3051 (θ’

1192 3103 1257 3147 aaa
1283 3076 1373 3170 capia
1402 3076 1527 3165 ferrea,
1563 3071 1611 3151 &¹
1637 3102 1702 3144 rora
1737 3072 1893 3168 [arrago,·
1927 3072 1984 3144 i·-

309 3172 395 3247 lirae
437 3173 592 3250 dillridie
639 3179 886 3274 praecipiendo
932 3180 1075 3253 manda·
1122 3153 1156 3222 D
1192 3200 1254 3246 rem
1280 3205 1344 3247 aaa
1367 3177 1574 3270 granarole,
1611 3173 1657 3255 ὠ
1693 3202 1791 3245 unum
1824 3198 1886 3269 par
1909 3196 1960 3246 re·

311 3299 412 3351 mus,
449 3295 620 3372 quatenus
657 3278 772 3352 statim
801 3280 951 3379 receptis
978 3308 1074 3379 prae·
1187 3279 1327 3365 sinum,
1355 3281 1398 3349 0
1433 3301 1568 3376 quatuor
1592 3276 1753 3350 caldariae
1779 3277 1864 3347 incer
1884 3305 1960 3351 ma·

309 3373 494 3464 sentibus,
531 3376 617 3455 srcut
652 3380 822 3456 honorem
860 3404 960 3457 tuum
989 3383 1074 3456 dili·
1190 3408 1273 3478 gras
1299 3378 1347 3460 &
1381 3404 1531 3476 parvare
1567 3380 1641 3451 item
1677 3381 1705 3452 l·
1742 3379 1958 3471 ramolam,

309 3478 391 3579 gis,
427 3481 461 3552 ἃ
498 3478 783 3585 indignationem
812 3485 962 3559 nostram
989 3484 1074 3558 delr-
1194 3481 1239 3562 &
1269 3488 1294 3554 l·
1320 3485 1545 3577 grappellam:
1578 3485 1652 3553 item
1684 3508 1750 3551 uta
1784 3481 1960 3554 ealdaretla

310 3580 407 3654 deras
445 3582 608 3674 evitare,
644 3582 805 3663 Castrum
841 3586 955 3688 ipsum
993 3615 1073 3664 curn
1192 3606 1250 3676 pro
1275 3584 1428 3668 cisterna:
1455 3588 1530 3656 itm
1556 3586 1694 3682 sagimen
1723 3582 1822 3653 m‘dll
1844 3583 1961 3674 Μὴ

311 3680 513 3763 irumento,
540 3688 653 3768 vino,
680 3691 833 3773 hordeo,
870 3688 975 3766 foeno
1004 3712 1076 3764 tam
1196 3689 1270 3758 irem
1296 3716 1393 3757 anum
1426 3689 1535 3771 llilum
1569 3716 1624 3781 pra
1654 3686 1817 3778 ferrandis
1843 3686 1959 3780 equire

312 3779 503 3882 praesentis
530 3790 612 3862 anni
642 3794 746 3888 quam
772 3795 880 3868 etiam
910 3794 1077 3893 praeteri·
1195 3789 1269 3858 item
1294 3795 1378 3857 duae
1401 3792 1510 3879 pallae
1536 3790 1671 3873 ferreae.
1708 3792 1786 3858 leem
1813 3812 1892 3859 um
1917 3816 1959 3860 a·

310 3883 365 3971 ti,
403 3882 545 3986 stquae
579 3892 622 3965 de
660 3896 851 3978 praeterito
878 3919 972 3965 anno
997 3890 1078 3966 refi·
1188 3885 1305 3968 staur,
1334 3888 1377 3952 Θ
1403 3913 1468 3954 ⁸⁰¹⁶
1503 3885 1622 3962 edna:
1658 3887 1731 3956 irem
1768 3918 1864 3958 anum
1895 3912 1960 3985 pat

310 3983 378 4056 dua
416 3985 494 4057 sunt
530 3991 568 4059 in
605 3991 732 4080 Castro
768 3993 870 4085 ipso,
906 4017 970 4060 nec
1005 4018 1077 4062 non
1192 3985 1364 4054 bardorum
1405 4006 1460 4071 pro
1498 4014 1611 4076 aqua:
1647 3990 1721 4059 irem
1761 4019 1858 4061 arram
1898 4015 1959 4084 par

311 4109 390 4156 cum
416 4085 575 4165 Belidis,
598 4087 743 4179 Armis,
771 4114 810 4159 ac
831 4084 983 4185 ejusdem
1005 4085 1079 4162 Ca·
1184 4084 1382 4179 flasconem,
1410 4088 1454 4158 Θ·
1479 4095 1542 4158 aaa
1567 4118 1687 4163 arcae:
1723 4092 1797 4164 irem
1824 4117 1959 4188 quatuor

311 4182 371 4260 liri
400 4185 524 4259 ceteris
552 4187 844 4270 (immimentis,
874 4187 1008 4263 dilecto
1035 4187 1078 4264 fi-

312 4287 366 4361 lio
394 4288 556 4364 Buchino
583 4291 760 4369 Servienti
789 4294 931 4373 nolito,
969 4292 1078 4369 latori

313 4389 571 4488 praesentium,
600 4392 737 4471 sublato
765 4395 955 4488 cuiuslibet
982 4396 1077 4469 diffi-

314 4491 459 4568 cultatis
486 4498 519 4568 dc
548 4496 734 4575 dilationis
761 4497 962 4581 obstaculo,
999 4496 1076 4571 affi-

312 4618 419 4693 gnare
440 4625 624 4695 procures,
652 4600 782 4676 faciens
811 4601 909 4698 super
930 4600 1077 4700 affigna·

311 4695 412 4772 tione
440 4699 550 4773 Cassri
578 4705 787 4779 &aliorum
818 4705 1075 4798 praedidlorum

312 4800 440 4879 confici
462 4805 531 4879 duo
554 4802 680 4881 fimilia
706 4806 848 4909 publica
868 4807 1078 4881 lnllrumen·

221 4927 227 4957 '-
313 4915 378 4986 ¹²2
408 4936 556 5002 quorum
587 4939 693 4984 unum
724 4939 826 5008 penes
858 4909 1074 5007 praedilium

315 4998 540 5108 Buchinum,
559 5012 869 5091 transmittendum
889 5009 992 5083 nobis
1003 5064 1014 5102 ,
1038 5012 1075 5083 &

1192 4187 1310 4262 coaliae
1335 4215 1390 4282 pro
1415 4191 1518 4278 disco,
1555 4214 1602 4273 ay
1639 4218 1772 4290 quatuor
1798 4220 1962 4268 manuter-
2021 4200 2026 4214 ’

1189 4292 1250 4388 gia
1264 4317 1281 4361 .·
1306 4291 1379 4363 item
1405 4298 1468 4365 duo
1492 4297 1679 4379 coopertoria
1703 4320 1761 4383 pro
1792 4319 1900 4387 parre:
1926 4296 1960 4365 i-

1194 4415 1255 4464 tem
1280 4403 1364 4468 duae
1389 4398 1507 4486 pelles,
1535 4393 1582 4474 (φ
1607 4401 1691 4462 duae
1712 4396 1808 4462 molae
1825 4397 1866 4465 de
1882 4423 1958 4470 rere.

1193 4495 1330 4567 timulo:
1357 4501 1430 4567 item
1461 4503 1511 4564 W.
1539 4498 1637 4585 sacci,
1676 4491 1725 4571 (θ’
1765 4499 1822 4567 ill.
1856 4499 1959 4579 (acee-
2037 4481 2038 4484 Ἴ
2082 4559 2083 4562 ,

1193 4626 1269 4680 aer,
1296 4602 1340 4668 θ’
1366 4603 1411 4671 ll.
1439 4601 1580 4666 aulrrae:
1615 4596 1689 4666 irem
1719 4604 1742 4670 l.
1770 4597 1958 4686 [aureolae.-

1194 4701 1269 4771 irem
1310 4707 1335 4770 1.
1375 4699 1461 4768 ralia
1498 4726 1566 4768 eum
1604 4723 1721 4791 parma
1761 4727 1956 4802 argenteos,

1193 4828 1261 4874 eum
1286 4824 1348 4870 ooo
1373 4800 1533 4870 thuribulo
1558 4826 1730 4897 argentea:
1756 4807 1829 4875 irem
1851 4812 1956 4900 ipa·

1197 4926 1371 4977 ramentum
1397 4907 1602 4997 completam,
1638 4905 1682 4984 ti*
1711 4938 1804 4980 unam
1842 4910 1959 4980 limidi.

1196 5031 1246 5085 ter
1269 5009 1469 5087 Planatam:
1503 5009 1578 5084 item
1603 5015 1634 5088 t.
1658 5012 1759 5088 Liber
1782 5008 1925 5126 Msflalis
1939 5036 1961 5104 ,ἢ

1826 5128 1905 5184 mm
