<?xml version="1.0" encoding="UTF-8"?>
<!DOCTYPE html PUBLIC "-//W3C//DTD XHTML 1.0 Transitional//EN"
    "http://www.w3.org/TR/xhtml1/DTD/xhtml1-transitional.dtd">
<html xmlns="http://www.w3.org/1999/xhtml" xml:lang="en" lang="en">
 <head>
  <title>
</title>
<meta http-equiv="Content-Type" content="text/html;charset=utf-8" />
  <meta name='ocr-system' content='tesseract 3.04.00' />
  <meta name='ocr-capabilities' content='ocr_page ocr_carea ocr_par ocr_line ocrx_word'/>
</head>
<body>
  <div class='ocr_page' id='page_1' title='image "./antiquitatesita00muragoog_0281.png"; bbox 0 0 4192 6016; ppageno 0'>
   <div class='ocr_carea' id='block_1_1' title="bbox 227 323 1883 551">
    <p class='ocr_par' dir='ltr' id='par_1_1' title="bbox 227 323 1883 551">
     <span class='ocr_line' id='line_1_1' title="bbox 289 323 1883 451; baseline 0.006 -34"><span class='ocrx_word' id='word_1_1' title='bbox 289 365 370 451; x_wconf 68' lang='lat'>595</span> <span class='ocrx_word' id='word_1_2' title='bbox 553 325 765 417; x_wconf 74' lang='lat' dir='ltr'>nuri</span> <span class='ocrx_word' id='word_1_3' title='bbox 846 323 1541 420; x_wconf 73' lang='lat' dir='ltr'>urnnrnnrrrnvr</span> <span class='ocrx_word' id='word_1_4' title='bbox 1717 343 1883 450; x_wconf 70' lang='lat'>596.</span> 
     </span>
     <span class='ocr_line' id='line_1_2' title="bbox 227 444 1877 551; baseline 0.001 -23"><span class='ocrx_word' id='word_1_5' title='bbox 227 458 361 528; x_wconf 76' lang='lat' dir='ltr'>xxxi.</span> <span class='ocrx_word' id='word_1_6' title='bbox 383 457 515 526; x_wconf 85' lang='lat' dir='ltr'>Romae</span> <span class='ocrx_word' id='word_1_7' title='bbox 535 472 677 547; x_wconf 89' lang='lat' dir='ltr'>quoque</span> <span class='ocrx_word' id='word_1_8' title='bbox 696 444 734 519; x_wconf 89' lang='lat' dir='ltr'>in</span> <span class='ocrx_word' id='word_1_9' title='bbox 752 444 818 519; x_wconf 88' lang='lat' dir='ltr'>Mu</span> <span class='ocrx_word' id='word_1_10' title='bbox 836 471 878 517; x_wconf 90' lang='lat' dir='ltr'>eo</span> <span class='ocrx_word' id='word_1_11' title='bbox 892 469 990 542; x_wconf 85' lang='lat' dir='ltr'>egre·</span> <span class='ocrx_word' id='word_1_12' title='bbox 1026 448 1059 520; x_wconf 79' lang='grc' dir='ltr'>Α</span> <span class='ocrx_word' id='word_1_13' title='bbox 1105 445 1293 547; x_wconf 84' lang='lat' dir='ltr'>perculiit:</span> <span class='ocrx_word' id='word_1_14' title='bbox 1321 449 1415 545; x_wconf 87' lang='lat' dir='ltr'>quod</span> <span class='ocrx_word' id='word_1_15' title='bbox 1443 448 1619 525; x_wconf 48' lang='lat' dir='ltr'>Monetae*</span> <span class='ocrx_word' id='word_1_16' title='bbox 1641 462 1751 551; x_wconf 85' lang='lat' dir='ltr'>ge&#39;nus</span> <span class='ocrx_word' id='word_1_17' title='bbox 1777 455 1877 530; x_wconf 81' lang='lat' dir='ltr'>celc-</span> 
     </span>
    </p>
   </div>
   <div class='ocr_carea' id='block_1_2' title="bbox 135 544 996 1338">
    <p class='ocr_par' dir='ltr' id='par_1_2' title="bbox 135 544 990 954">
     <span class='ocr_line' id='line_1_3' title="bbox 226 544 990 656; baseline -0.017 -25"><span class='ocrx_word' id='word_1_18' title='bbox 226 557 280 656; x_wconf 92' lang='lat' dir='ltr'>gii</span> <span class='ocrx_word' id='word_1_19' title='bbox 308 552 450 653; x_wconf 84' lang='lat' dir='ltr'>Equitis</span> <span class='ocrx_word' id='word_1_20' title='bbox 478 549 656 624; x_wconf 73' lang='lat' dir='ltr'>francisci</span> <span class='ocrx_word' id='word_1_21' title='bbox 684 546 841 621; x_wconf 66' lang='lat' dir='ltr'>victorii</span> <span class='ocrx_word' id='word_1_22' title='bbox 857 594 868 627; x_wconf 91' lang='lat'>‚</span> <span class='ocrx_word' id='word_1_23' title='bbox 896 544 990 618; x_wconf 84' lang='lat' dir='ltr'>fimi-</span> 
     </span>
     <span class='ocr_line' id='line_1_4' title="bbox 135 646 989 745; baseline -0.018 -12"><span class='ocrx_word' id='word_1_24' title='bbox 135 732 139 742; x_wconf 86' lang='grc'>,</span> <span class='ocrx_word' id='word_1_25' title='bbox 227 659 273 732; x_wconf 89' lang='lat' dir='ltr'>lis</span> <span class='ocrx_word' id='word_1_26' title='bbox 301 661 478 731; x_wconf 88' lang='lat' dir='ltr'>Nummus</span> <span class='ocrx_word' id='word_1_27' title='bbox 506 650 708 724; x_wconf 81' lang='lat' dir='ltr'>adservatur</span> <span class='ocrx_word' id='word_1_28' title='bbox 746 673 824 722; x_wconf 91' lang='lat' dir='ltr'>cum</span> <span class='ocrx_word' id='word_1_29' title='bbox 853 646 989 745; x_wconf 88' lang='lat' dir='ltr'>epigra-</span> 
     </span>
     <span class='ocr_line' id='line_1_5' title="bbox 226 750 989 857; baseline -0.012 -26"><span class='ocrx_word' id='word_1_30' title='bbox 226 759 294 857; x_wconf 87' lang='lat' dir='ltr'>phe</span> <span class='ocrx_word' id='word_1_31' title='bbox 330 761 384 830; x_wconf 87' lang='lat' dir='ltr'>M.</span> <span class='ocrx_word' id='word_1_32' title='bbox 422 755 520 852; x_wconf 90' lang='lat' dir='ltr'>(hoc</span> <span class='ocrx_word' id='word_1_33' title='bbox 546 752 593 826; x_wconf 88' lang='lat' dir='ltr'>est</span> <span class='ocrx_word' id='word_1_34' title='bbox 620 750 817 849; x_wconf 76' lang='lat' dir='ltr'>Martinus)</span> <span class='ocrx_word' id='word_1_35' title='bbox 859 750 989 822; x_wconf 83' lang='lat' dir='ltr'>PAPA</span> 
     </span>
     <span class='ocr_line' id='line_1_6' title="bbox 225 861 547 954; baseline -0.006 -25"><span class='ocrx_word' id='word_1_36' title='bbox 225 861 479 954; x_wconf 81' lang='lat' dir='ltr'>QVINTVS.</span> <span class='ocrx_word' id='word_1_37' title='bbox 529 871 547 891; x_wconf 56' lang='lat'>‘¹</span> 
     </span>
    </p>

    <p class='ocr_par' dir='ltr' id='par_1_3' title="bbox 226 952 996 1338">
     <span class='ocr_line' id='line_1_7' title="bbox 274 952 990 1056; baseline -0.014 -22"><span class='ocrx_word' id='word_1_38' title='bbox 274 959 454 1056; x_wconf 74' lang='lat' dir='ltr'>Quinslus</span> <span class='ocrx_word' id='word_1_39' title='bbox 482 961 683 1044; x_wconf 83' lang='lat' dir='ltr'>Nummus,</span> <span class='ocrx_word' id='word_1_40' title='bbox 710 952 877 1030; x_wconf 88' lang='lat' dir='ltr'>Mutinae</span> <span class='ocrx_word' id='word_1_41' title='bbox 902 952 990 1026; x_wconf 80' lang='lat' dir='ltr'>exst·</span> 
     </span>
     <span class='ocr_line' id='line_1_8' title="bbox 226 1055 990 1154; baseline -0.013 -18"><span class='ocrx_word' id='word_1_42' title='bbox 226 1063 314 1136; x_wconf 85' lang='lat' dir='ltr'>siens</span> <span class='ocrx_word' id='word_1_43' title='bbox 334 1063 372 1134; x_wconf 93' lang='lat' dir='ltr'>in</span> <span class='ocrx_word' id='word_1_44' title='bbox 392 1057 518 1136; x_wconf 89' lang='lat' dir='ltr'>Museo</span> <span class='ocrx_word' id='word_1_45' title='bbox 538 1056 808 1137; x_wconf 82' lang='lat' dir='ltr'>Bertacclrinio,</span> <span class='ocrx_word' id='word_1_46' title='bbox 835 1055 990 1154; x_wconf 85' lang='lat' dir='ltr'>effigiem</span> 
     </span>
     <span class='ocr_line' id='line_1_9' title="bbox 227 1157 996 1259; baseline -0.009 -23"><span class='ocrx_word' id='word_1_47' title='bbox 227 1162 396 1259; x_wconf 75' lang='lat' dir='ltr'><strong>Episcopi</strong></span> <span class='ocrx_word' id='word_1_48' title='bbox 423 1161 568 1236; x_wconf 81' lang='lat' dir='ltr'>exhibet</span> <span class='ocrx_word' id='word_1_49' title='bbox 595 1185 675 1233; x_wconf 89' lang='lat' dir='ltr'>cum</span> <span class='ocrx_word' id='word_1_50' title='bbox 711 1157 827 1232; x_wconf 86' lang='lat' dir='ltr'>literis</span> <span class='ocrx_word' id='word_1_51' title='bbox 853 1164 886 1231; x_wconf 88' lang='lat' dir='ltr'>S.</span> <span class='ocrx_word' id='word_1_52' title='bbox 914 1161 996 1229; x_wconf 84' lang='lat' dir='ltr'><strong>SA·&#39;</strong></span> 
     </span>
     <span class='ocr_line' id='line_1_10' title="bbox 227 1257 992 1338; baseline -0.013 -2"><span class='ocrx_word' id='word_1_53' title='bbox 227 1267 402 1338; x_wconf 86' lang='lat' dir='ltr'>VINVS.</span> <span class='ocrx_word' id='word_1_54' title='bbox 439 1259 694 1336; x_wconf 85' lang='lat' dir='ltr'>Monasterium</span> <span class='ocrx_word' id='word_1_55' title='bbox 728 1257 992 1332; x_wconf 67' lang='lat' dir='ltr'>cantitantur</span> 
     </span>
    </p>
   </div>
   <div class='ocr_carea' id='block_1_3' title="bbox 1106 549 1926 1365">
    <p class='ocr_par' dir='ltr' id='par_1_4' title="bbox 1106 549 1926 1365">
     <span class='ocr_line' id='line_1_11' title="bbox 1106 549 1874 652; baseline 0.012 -31"><span class='ocrx_word' id='word_1_56' title='bbox 1106 549 1295 623; x_wconf 86' lang='lat' dir='ltr'>berrimum</span> <span class='ocrx_word' id='word_1_57' title='bbox 1324 577 1384 648; x_wconf 90' lang='lat' dir='ltr'>per</span> <span class='ocrx_word' id='word_1_58' title='bbox 1410 569 1522 626; x_wconf 84' lang='lat' dir='ltr'>totam</span> <span class='ocrx_word' id='word_1_59' title='bbox 1550 557 1757 652; x_wconf 82' lang='lat' dir='ltr'>Europam,</span> <span class='ocrx_word' id='word_1_60' title='bbox 1799 557 1874 630; x_wconf 89' lang='lat' dir='ltr'>im·</span> 
     </span>
     <span class='ocr_line' id='line_1_12' title="bbox 1106 648 1878 749; baseline 0.01 -26"><span class='ocrx_word' id='word_1_61' title='bbox 1106 677 1166 725; x_wconf 90' lang='lat' dir='ltr'>mo</span> <span class='ocrx_word' id='word_1_62' title='bbox 1192 648 1231 725; x_wconf 78' lang='grc' dir='ltr'>δι</span> <span class='ocrx_word' id='word_1_63' title='bbox 1260 676 1319 749; x_wconf 87' lang='lat' dir='ltr'>per</span> <span class='ocrx_word' id='word_1_64' title='bbox 1346 648 1463 724; x_wconf 80' lang='lat' dir='ltr'>Asiam</span> <span class='ocrx_word' id='word_1_65' title='bbox 1491 651 1529 727; x_wconf 76' lang='grc' dir='ltr'>δι</span> <span class='ocrx_word' id='word_1_66' title='bbox 1558 653 1719 731; x_wconf 80' lang='lat' dir='ltr'>Africam</span> <span class='ocrx_word' id='word_1_67' title='bbox 1743 656 1878 742; x_wconf 78' lang='lat' dir='ltr'>evasit,</span> 
     </span>
     <span class='ocr_line' id='line_1_13' title="bbox 1106 751 1926 852; baseline 0.01 -26"><span class='ocrx_word' id='word_1_68' title='bbox 1106 753 1210 826; x_wconf 90' lang='lat' dir='ltr'>utin</span> <span class='ocrx_word' id='word_1_69' title='bbox 1241 751 1673 852; x_wconf 85' lang='lat' dir='ltr'>Dissertationescquenti</span> <span class='ocrx_word' id='word_1_70' title='bbox 1699 757 1875 833; x_wconf 81' lang='lat' dir='ltr'>ianuam.</span> <span class='ocrx_word' id='word_1_71' title='bbox 1920 811 1926 820; x_wconf 76' lang='lat'><em>-</em></span> 
     </span>
     <span class='ocr_line' id='line_1_14' title="bbox 1108 854 1892 958; baseline 0.009 -32"><span class='ocrx_word' id='word_1_72' title='bbox 1108 855 1222 940; x_wconf 84' lang='lat' dir='ltr'>Dixi,</span> <span class='ocrx_word' id='word_1_73' title='bbox 1259 880 1330 927; x_wconf 90' lang='lat' dir='ltr'>uno</span> <span class='ocrx_word' id='word_1_74' title='bbox 1366 874 1454 948; x_wconf 86' lang='lat' dir='ltr'>typo</span> <span class='ocrx_word' id='word_1_75' title='bbox 1489 854 1577 927; x_wconf 88' lang='lat' dir='ltr'>olim</span> <span class='ocrx_word' id='word_1_76' title='bbox 1617 857 1748 958; x_wconf 81' lang='lat' dir='ltr'>semper</span> <span class='ocrx_word' id='word_1_77' title='bbox 1791 861 1892 935; x_wconf 76' lang='lat' dir='ltr'>usos.</span> 
     </span>
     <span class='ocr_line' id='line_1_15' title="bbox 1107 954 1876 1035; baseline 0.01 -8"><span class='ocrx_word' id='word_1_78' title='bbox 1107 955 1333 1028; x_wconf 85' lang='lat' dir='ltr'>Florentinos</span> <span class='ocrx_word' id='word_1_79' title='bbox 1360 955 1398 1028; x_wconf 91' lang='lat' dir='ltr'>in</span> <span class='ocrx_word' id='word_1_80' title='bbox 1426 954 1495 1029; x_wconf 90' lang='lat' dir='ltr'>suis</span> <span class='ocrx_word' id='word_1_81' title='bbox 1533 960 1699 1032; x_wconf 92' lang='lat' dir='ltr'>Nummis</span> <span class='ocrx_word' id='word_1_82' title='bbox 1738 964 1876 1035; x_wconf 89' lang='lat' dir='ltr'>cuden-</span> 
     </span>
     <span class='ocr_line' id='line_1_16' title="bbox 1107 1050 1879 1159; baseline 0.013 -31"><span class='ocrx_word' id='word_1_83' title='bbox 1107 1055 1182 1129; x_wconf 86' lang='lat' dir='ltr'>dis.</span> <span class='ocrx_word' id='word_1_84' title='bbox 1218 1050 1398 1155; x_wconf 78' lang='lat' dir='ltr'>Coeptum</span> <span class='ocrx_word' id='word_1_85' title='bbox 1429 1057 1541 1156; x_wconf 83' lang='lat' dir='ltr'>postea</span> <span class='ocrx_word' id='word_1_86' title='bbox 1568 1057 1639 1132; x_wconf 85' lang='lat' dir='ltr'>suit</span> <span class='ocrx_word' id='word_1_87' title='bbox 1667 1068 1797 1159; x_wconf 90' lang='lat' dir='ltr'>apponi</span> <span class='ocrx_word' id='word_1_88' title='bbox 1828 1065 1879 1138; x_wconf 91' lang='lat' dir='ltr'>il·</span> 
     </span>
     <span class='ocr_line' id='line_1_17' title="bbox 1107 1157 1872 1261; baseline 0.01 -31"><span class='ocrx_word' id='word_1_89' title='bbox 1107 1159 1156 1231; x_wconf 90' lang='lat' dir='ltr'>lic</span> <span class='ocrx_word' id='word_1_90' title='bbox 1184 1157 1358 1258; x_wconf 85' lang='lat' dir='ltr'>scutulum</span> <span class='ocrx_word' id='word_1_91' title='bbox 1387 1185 1465 1232; x_wconf 92' lang='lat' dir='ltr'>cum</span> <span class='ocrx_word' id='word_1_92' title='bbox 1494 1157 1644 1259; x_wconf 76' lang='lat' dir='ltr'>insigni,</span> <span class='ocrx_word' id='word_1_93' title='bbox 1680 1181 1722 1235; x_wconf 93' lang='lat' dir='ltr'>ut</span> <span class='ocrx_word' id='word_1_94' title='bbox 1761 1183 1872 1261; x_wconf 89' lang='lat' dir='ltr'>puto,</span> 
     </span>
     <span class='ocr_line' id='line_1_18' title="bbox 1108 1259 1875 1365; baseline 0.01 -33"><span class='ocrx_word' id='word_1_95' title='bbox 1108 1259 1388 1353; x_wconf 86' lang='lat' dir='ltr'>Consanonerii,</span> <span class='ocrx_word' id='word_1_96' title='bbox 1426 1259 1495 1334; x_wconf 84' lang='lat' dir='ltr'>sive</span> <span class='ocrx_word' id='word_1_97' title='bbox 1536 1262 1713 1361; x_wconf 80' lang='lat' dir='ltr'>praecipui</span> <span class='ocrx_word' id='word_1_98' title='bbox 1751 1267 1875 1365; x_wconf 89' lang='lat' dir='ltr'>Magi-</span> 
     </span>
    </p>
   </div>
   <div class='ocr_carea' id='block_1_4' title="bbox 226 1357 1874 1461">
    <p class='ocr_par' dir='ltr' id='par_1_5' title="bbox 226 1357 1874 1461">
     <span class='ocr_line' id='line_1_19' title="bbox 226 1357 1874 1461; baseline 0.001 -22"><span class='ocrx_word' id='word_1_99' title='bbox 226 1365 319 1439; x_wconf 91' lang='lat' dir='ltr'>olim</span> <span class='ocrx_word' id='word_1_100' title='bbox 359 1365 397 1438; x_wconf 91' lang='lat' dir='ltr'>in</span> <span class='ocrx_word' id='word_1_101' title='bbox 435 1391 519 1460; x_wconf 87' lang='lat' dir='ltr'>agro</span> <span class='ocrx_word' id='word_1_102' title='bbox 547 1364 714 1436; x_wconf 82' lang='lat' dir='ltr'>Firmano</span> <span class='ocrx_word' id='word_1_103' title='bbox 740 1360 873 1460; x_wconf 82' lang='lat' dir='ltr'>insigne</span> <span class='ocrx_word' id='word_1_104' title='bbox 900 1357 989 1432; x_wconf 82' lang='lat' dir='ltr'>luit.</span> <span class='ocrx_word' id='word_1_105' title='bbox 1031 1357 1059 1426; x_wconf 88' lang='grc' dir='ltr'><strong><em>Β</em></strong></span> <span class='ocrx_word' id='word_1_106' title='bbox 1109 1360 1230 1433; x_wconf 88' lang='lat' dir='ltr'>llratus</span> <span class='ocrx_word' id='word_1_107' title='bbox 1256 1363 1387 1444; x_wconf 89' lang='lat' dir='ltr'>annui,</span> <span class='ocrx_word' id='word_1_108' title='bbox 1413 1363 1477 1459; x_wconf 92' lang='lat' dir='ltr'>qui</span> <span class='ocrx_word' id='word_1_109' title='bbox 1498 1364 1727 1460; x_wconf 86' lang='lat' dir='ltr'>Reipublicae</span> <span class='ocrx_word' id='word_1_110' title='bbox 1756 1393 1874 1461; x_wconf 87' lang='lat' dir='ltr'>praee·</span> 
     </span>
    </p>
   </div>
   <div class='ocr_carea' id='block_1_5' title="bbox 227 1458 990 1665">
    <p class='ocr_par' dir='ltr' id='par_1_6' title="bbox 227 1458 990 1665">
     <span class='ocr_line' id='line_1_20' title="bbox 227 1458 990 1564; baseline -0.014 -24"><span class='ocrx_word' id='word_1_111' title='bbox 227 1469 269 1541; x_wconf 92' lang='lat' dir='ltr'>In</span> <span class='ocrx_word' id='word_1_112' title='bbox 298 1464 424 1564; x_wconf 87' lang='lat' dir='ltr'>postica</span> <span class='ocrx_word' id='word_1_113' title='bbox 453 1464 589 1541; x_wconf 90' lang='lat' dir='ltr'>scutum</span> <span class='ocrx_word' id='word_1_114' title='bbox 617 1463 765 1544; x_wconf 85' lang='lat' dir='ltr'>visitur,</span> <span class='ocrx_word' id='word_1_115' title='bbox 813 1461 868 1535; x_wconf 87' lang='lat' dir='ltr'>sed</span> <span class='ocrx_word' id='word_1_116' title='bbox 909 1458 990 1532; x_wconf 84' lang='lat' dir='ltr'>inst·</span> 
     </span>
     <span class='ocr_line' id='line_1_21' title="bbox 227 1562 990 1665; baseline -0.007 -28"><span class='ocrx_word' id='word_1_117' title='bbox 227 1569 354 1664; x_wconf 87' lang='lat' dir='ltr'>gnibus</span> <span class='ocrx_word' id='word_1_118' title='bbox 372 1565 596 1641; x_wconf 85' lang='lat' dir='ltr'>obliteratis.</span> <span class='ocrx_word' id='word_1_119' title='bbox 623 1571 731 1665; x_wconf 86' lang='lat' dir='ltr'>Supra</span> <span class='ocrx_word' id='word_1_120' title='bbox 753 1562 885 1662; x_wconf 88' lang='lat' dir='ltr'>legitur</span> <span class='ocrx_word' id='word_1_121' title='bbox 904 1564 990 1633; x_wconf 87' lang='lat' dir='ltr'>VR·</span> 
     </span>
    </p>
   </div>
   <div class='ocr_carea' id='block_1_6' title="bbox 37 1654 497 1773">
    <p class='ocr_par' dir='ltr' id='par_1_7' title="bbox 37 1654 497 1773">
     <span class='ocr_line' id='line_1_22' title="bbox 37 1654 497 1773; baseline -0.009 -28"><span class='ocrx_word' id='word_1_122' title='bbox 37 1654 43 1663; x_wconf 87' lang='lat'>&#39;</span> <span class='ocrx_word' id='word_1_123' title='bbox 179 1768 182 1773; x_wconf 84' lang='lat'>.</span> <span class='ocrx_word' id='word_1_124' title='bbox 228 1672 300 1745; x_wconf 79' lang='lat' dir='ltr'>urs</span> <span class='ocrx_word' id='word_1_125' title='bbox 327 1672 497 1743; x_wconf 71' lang='lat' dir='ltr'>finnt.</span> 
     </span>
    </p>
   </div>
   <div class='ocr_carea' id='block_1_7' title="bbox 226 1762 991 2265">
    <p class='ocr_par' dir='ltr' id='par_1_8' title="bbox 226 1762 991 2265">
     <span class='ocr_line' id='line_1_23' title="bbox 279 1762 991 1842; baseline -0.006 0"><span class='ocrx_word' id='word_1_126' title='bbox 279 1775 404 1842; x_wconf 85' lang='lat' dir='ltr'>Sextus</span> <span class='ocrx_word' id='word_1_127' title='bbox 431 1767 611 1841; x_wconf 83' lang='lat' dir='ltr'>incudem</span> <span class='ocrx_word' id='word_1_128' title='bbox 637 1762 886 1839; x_wconf 86' lang='lat' dir='ltr'>Bertacchinio</span> <span class='ocrx_word' id='word_1_129' title='bbox 904 1766 991 1838; x_wconf 91' lang='lat' dir='ltr'>Mu·</span> 
     </span>
     <span class='ocr_line' id='line_1_24' title="bbox 228 1864 987 1965; baseline -0.009 -22"><span class='ocrx_word' id='word_1_130' title='bbox 228 1867 308 1956; x_wconf 79' lang='lat' dir='ltr'>seo,</span> <span class='ocrx_word' id='word_1_131' title='bbox 328 1869 432 1941; x_wconf 90' lang='lat' dir='ltr'>habet</span> <span class='ocrx_word' id='word_1_132' title='bbox 451 1869 489 1941; x_wconf 92' lang='lat' dir='ltr'>in</span> <span class='ocrx_word' id='word_1_133' title='bbox 511 1869 625 1940; x_wconf 91' lang='lat' dir='ltr'>limbo</span> <span class='ocrx_word' id='word_1_134' title='bbox 645 1867 741 1940; x_wconf 88' lang='lat' dir='ltr'>hanc·</span> <span class='ocrx_word' id='word_1_135' title='bbox 751 1864 987 1965; x_wconf 85' lang='lat' dir='ltr'>epigraphen:</span> 
     </span>
     <span class='ocr_line' id='line_1_25' title="bbox 227 1966 991 2046; baseline -0.008 -1"><span class='ocrx_word' id='word_1_136' title='bbox 227 1973 435 2046; x_wconf 81' lang='lat' dir='ltr'>SANTVS.</span> <span class='ocrx_word' id='word_1_137' title='bbox 463 1972 629 2042; x_wconf 82' lang='lat' dir='ltr'>SAVlN.</span> <span class='ocrx_word' id='word_1_138' title='bbox 656 1969 691 2040; x_wconf 77' lang='grc' dir='ltr'>δι</span> <span class='ocrx_word' id='word_1_139' title='bbox 727 1966 766 2040; x_wconf 93' lang='lat' dir='ltr'>in</span> <span class='ocrx_word' id='word_1_140' title='bbox 807 1993 884 2039; x_wconf 88' lang='lat' dir='ltr'>area</span> <span class='ocrx_word' id='word_1_141' title='bbox 912 1971 991 2039; x_wconf 86' lang='lat' dir='ltr'>VS.</span> 
     </span>
     <span class='ocr_line' id='line_1_26' title="bbox 226 2069 988 2166; baseline -0.01 -19"><span class='ocrx_word' id='word_1_142' title='bbox 226 2071 370 2147; x_wconf 83' lang='lat' dir='ltr'>Adsunt</span> <span class='ocrx_word' id='word_1_143' title='bbox 410 2072 519 2146; x_wconf 86' lang='lat' dir='ltr'>etiam</span> <span class='ocrx_word' id='word_1_144' title='bbox 555 2070 644 2142; x_wconf 90' lang='lat' dir='ltr'>duae</span> <span class='ocrx_word' id='word_1_145' title='bbox 682 2071 806 2143; x_wconf 88' lang='lat' dir='ltr'>literae</span> <span class='ocrx_word' id='word_1_146' title='bbox 843 2069 988 2166; x_wconf 72' lang='lat' dir='ltr'>coniun-</span> 
     </span>
     <span class='ocr_line' id='line_1_27' title="bbox 226 2168 990 2265; baseline -0.01 -17"><span class='ocrx_word' id='word_1_147' title='bbox 226 2172 325 2265; x_wconf 68' lang='lat' dir='ltr'>stae,</span> <span class='ocrx_word' id='word_1_148' title='bbox 365 2197 422 2245; x_wconf 88' lang='lat' dir='ltr'>me</span> <span class='ocrx_word' id='word_1_149' title='bbox 458 2190 576 2244; x_wconf 85' lang='lat' dir='ltr'>tamen</span> <span class='ocrx_word' id='word_1_150' title='bbox 614 2171 763 2244; x_wconf 87' lang='lat' dir='ltr'>minime</span> <span class='ocrx_word' id='word_1_151' title='bbox 793 2168 990 2242; x_wconf 85' lang='lat' dir='ltr'>discernen-</span> 
     </span>
    </p>
   </div>
   <div class='ocr_carea' id='block_1_8' title="bbox 1106 1461 1874 2274">
    <p class='ocr_par' dir='ltr' id='par_1_9' title="bbox 1106 1461 1874 1965">
     <span class='ocr_line' id='line_1_28' title="bbox 1106 1461 1874 1568; baseline 0.012 -34"><span class='ocrx_word' id='word_1_152' title='bbox 1106 1480 1182 1534; x_wconf 88' lang='lat' dir='ltr'>rat:</span> <span class='ocrx_word' id='word_1_153' title='bbox 1224 1488 1329 1559; x_wconf 88' lang='lat' dir='ltr'>quare</span> <span class='ocrx_word' id='word_1_154' title='bbox 1364 1464 1424 1560; x_wconf 89' lang='lat' dir='ltr'>qui</span> <span class='ocrx_word' id='word_1_155' title='bbox 1454 1461 1685 1538; x_wconf 85' lang='lat' dir='ltr'>Familiarum</span> <span class='ocrx_word' id='word_1_156' title='bbox 1724 1464 1874 1568; x_wconf 77' lang='lat' dir='ltr'>insignia</span> 
     </span>
     <span class='ocr_line' id='line_1_29' title="bbox 1106 1561 1874 1663; baseline 0.013 -30"><span class='ocrx_word' id='word_1_157' title='bbox 1106 1561 1309 1662; x_wconf 83' lang='lat' dir='ltr'>dignoscere</span> <span class='ocrx_word' id='word_1_158' title='bbox 1336 1563 1465 1656; x_wconf 81' lang='lat' dir='ltr'>potest,</span> <span class='ocrx_word' id='word_1_159' title='bbox 1506 1583 1646 1663; x_wconf 86' lang='lat' dir='ltr'>tempus</span> <span class='ocrx_word' id='word_1_160' title='bbox 1671 1566 1779 1640; x_wconf 87' lang='lat' dir='ltr'>etiam</span> <span class='ocrx_word' id='word_1_161' title='bbox 1809 1596 1874 1644; x_wconf 83' lang='lat' dir='ltr'>va·</span> 
     </span>
     <span class='ocr_line' id='line_1_30' title="bbox 1107 1663 1874 1762; baseline 0.012 -26"><span class='ocrx_word' id='word_1_162' title='bbox 1107 1663 1200 1737; x_wconf 92' lang='lat' dir='ltr'>rium</span> <span class='ocrx_word' id='word_1_163' title='bbox 1229 1664 1372 1762; x_wconf 78' lang='lat' dir='ltr'>perculsi</span> <span class='ocrx_word' id='word_1_164' title='bbox 1411 1667 1562 1739; x_wconf 90' lang='lat' dir='ltr'>Nummi</span> <span class='ocrx_word' id='word_1_165' title='bbox 1600 1666 1703 1741; x_wconf 88' lang='lat' dir='ltr'>facile</span> <span class='ocrx_word' id='word_1_166' title='bbox 1730 1670 1874 1745; x_wconf 84' lang='lat' dir='ltr'>intelli·</span> 
     </span>
     <span class='ocr_line' id='line_1_31' title="bbox 1107 1766 1871 1866; baseline 0.01 -27"><span class='ocrx_word' id='word_1_167' title='bbox 1107 1785 1187 1865; x_wconf 90' lang='lat' dir='ltr'>get.</span> <span class='ocrx_word' id='word_1_168' title='bbox 1230 1770 1306 1866; x_wconf 84' lang='lat' dir='ltr'>Ego</span> <span class='ocrx_word' id='word_1_169' title='bbox 1333 1766 1392 1841; x_wconf 86' lang='lat' dir='ltr'>sex</span> <span class='ocrx_word' id='word_1_170' title='bbox 1419 1770 1559 1841; x_wconf 86' lang='lat' dir='ltr'>tantltm</span> <span class='ocrx_word' id='word_1_171' title='bbox 1588 1773 1765 1844; x_wconf 82' lang='lat' dir='ltr'>Nummos</span> <span class='ocrx_word' id='word_1_172' title='bbox 1789 1771 1871 1847; x_wconf 81' lang='lat' dir='ltr'>heic</span> 
     </span>
     <span class='ocr_line' id='line_1_32' title="bbox 1110 1866 1307 1965; baseline 0.025 -28"><span class='ocrx_word' id='word_1_173' title='bbox 1110 1866 1307 1965; x_wconf 84' lang='lat' dir='ltr'>proferam.</span> 
     </span>
    </p>

    <p class='ocr_par' dir='ltr' id='par_1_10' title="bbox 1107 1971 1874 2274">
     <span class='ocr_line' id='line_1_33' title="bbox 1162 1971 1874 2071; baseline 0.011 -29"><span class='ocrx_word' id='word_1_174' title='bbox 1162 1972 1300 2044; x_wconf 86' lang='lat' dir='ltr'>Primus</span> <span class='ocrx_word' id='word_1_175' title='bbox 1335 1989 1539 2071; x_wconf 88' lang='lat' dir='ltr'>argenteus,</span> <span class='ocrx_word' id='word_1_176' title='bbox 1582 1971 1748 2048; x_wconf 89' lang='lat' dir='ltr'>Mutinae</span> <span class='ocrx_word' id='word_1_177' title='bbox 1783 1972 1874 2050; x_wconf 84' lang='lat' dir='ltr'>exli-</span> 
     </span>
     <span class='ocr_line' id='line_1_34' title="bbox 1107 2068 1874 2177; baseline 0.016 -35"><span class='ocrx_word' id='word_1_178' title='bbox 1107 2068 1195 2145; x_wconf 87' lang='lat' dir='ltr'>stens</span> <span class='ocrx_word' id='word_1_179' title='bbox 1221 2072 1258 2146; x_wconf 91' lang='lat' dir='ltr'>in</span> <span class='ocrx_word' id='word_1_180' title='bbox 1287 2070 1414 2146; x_wconf 89' lang='lat' dir='ltr'>Museo</span> <span class='ocrx_word' id='word_1_181' title='bbox 1442 2074 1716 2166; x_wconf 81' lang='lat' dir='ltr'>Berracchiaio‚</span> <span class='ocrx_word' id='word_1_182' title='bbox 1743 2075 1874 2177; x_wconf 91' lang='lat' dir='ltr'>imagi-</span> 
     </span>
     <span class='ocr_line' id='line_1_35' title="bbox 1109 2173 1873 2274; baseline 0.014 -31"><span class='ocrx_word' id='word_1_183' title='bbox 1109 2198 1188 2245; x_wconf 89' lang='lat' dir='ltr'>nem</span> <span class='ocrx_word' id='word_1_184' title='bbox 1216 2173 1362 2248; x_wconf 85' lang='lat' dir='ltr'>exhibet</span> <span class='ocrx_word' id='word_1_185' title='bbox 1389 2175 1506 2249; x_wconf 69' lang='lat' dir='ltr'>Sansli</span> <span class='ocrx_word' id='word_1_186' title='bbox 1543 2176 1712 2266; x_wconf 89' lang='lat' dir='ltr'>Johannis</span> <span class='ocrx_word' id='word_1_187' title='bbox 1749 2178 1873 2274; x_wconf 84' lang='lat' dir='ltr'>Bapti-</span> 
     </span>
    </p>
   </div>
   <div class='ocr_carea' id='block_1_9' title="bbox 224 2268 1871 3057">
    <p class='ocr_par' dir='ltr' id='par_1_11' title="bbox 224 2268 1871 3057">
     <span class='ocr_line' id='line_1_36' title="bbox 226 2268 1871 2379; baseline 0.003 -31"><span class='ocrx_word' id='word_1_188' title='bbox 226 2292 285 2357; x_wconf 86' lang='lat' dir='ltr'>te,</span> <span class='ocrx_word' id='word_1_189' title='bbox 312 2301 353 2348; x_wconf 92' lang='lat' dir='ltr'>an</span> <span class='ocrx_word' id='word_1_190' title='bbox 378 2279 449 2347; x_wconf 87' lang='lat' dir='ltr'>PR.</span> <span class='ocrx_word' id='word_1_191' title='bbox 470 2272 553 2347; x_wconf 89' lang='lat' dir='ltr'>idest</span> <span class='ocrx_word' id='word_1_192' title='bbox 572 2270 749 2344; x_wconf 67' lang='lat' dir='ltr'>Processu.</span> <span class='ocrx_word' id='word_1_193' title='bbox 777 2268 887 2345; x_wconf 89' lang='lat' dir='ltr'>Certe</span> <span class='ocrx_word' id='word_1_194' title='bbox 907 2276 990 2344; x_wconf 84' lang='lat' dir='ltr'>San·</span> <span class='ocrx_word' id='word_1_195' title='bbox 1027 2295 1061 2367; x_wconf 68' lang='grc' dir='ltr'>(ζ</span> <span class='ocrx_word' id='word_1_196' title='bbox 1106 2272 1193 2356; x_wconf 85' lang='lat' dir='ltr'>stae,</span> <span class='ocrx_word' id='word_1_197' title='bbox 1215 2276 1500 2349; x_wconf 73' lang='lat' dir='ltr'>florentinorum</span> <span class='ocrx_word' id='word_1_198' title='bbox 1520 2276 1778 2371; x_wconf 89' lang='lat' dir='ltr'>patroni‚cum</span> <span class='ocrx_word' id='word_1_199' title='bbox 1795 2278 1871 2379; x_wconf 79' lang='lat' dir='ltr'>ep&#39;i·</span> 
     </span>
     <span class='ocr_line' id='line_1_37' title="bbox 226 2372 991 2468; baseline -0.007 -18"><span class='ocrx_word' id='word_1_200' title='bbox 226 2374 304 2450; x_wconf 58' lang='lat' dir='ltr'>Cius</span> <span class='ocrx_word' id='word_1_201' title='bbox 333 2376 395 2450; x_wconf 91' lang='lat' dir='ltr'>ille</span> <span class='ocrx_word' id='word_1_202' title='bbox 421 2380 564 2468; x_wconf 88' lang='lat' dir='ltr'>Martyr</span> <span class='ocrx_word' id='word_1_203' title='bbox 588 2372 677 2446; x_wconf 91' lang='lat' dir='ltr'>olim</span> <span class='ocrx_word' id='word_1_204' title='bbox 707 2372 829 2446; x_wconf 82' lang='lat' dir='ltr'>luerit</span> <span class='ocrx_word' id='word_1_205' title='bbox 854 2373 991 2447; x_wconf 85' lang='lat' dir='ltr'>Firma·</span> 
     </span>
     <span class='ocr_line' id='line_1_38' title="bbox 227 2475 991 2570; baseline -0.007 -20"><span class='ocrx_word' id='word_1_206' title='bbox 227 2501 291 2550; x_wconf 88' lang='lat' dir='ltr'>nac</span> <span class='ocrx_word' id='word_1_207' title='bbox 319 2475 507 2552; x_wconf 58' lang='lat' dir='ltr'>Civitatis&gt;</span> <span class='ocrx_word' id='word_1_208' title='bbox 526 2480 718 2555; x_wconf 85' lang='lat' dir='ltr'>Patronus,</span> <span class='ocrx_word' id='word_1_209' title='bbox 754 2500 825 2570; x_wconf 91' lang='lat' dir='ltr'>quo</span> <span class='ocrx_word' id='word_1_210' title='bbox 853 2493 991 2569; x_wconf 89' lang='lat' dir='ltr'>tempo·</span> 
     </span>
     <span class='ocr_line' id='line_1_39' title="bbox 225 2575 989 2677; baseline -0.008 -24"><span class='ocrx_word' id='word_1_211' title='bbox 225 2605 261 2653; x_wconf 89' lang='lat' dir='ltr'>rc</span> <span class='ocrx_word' id='word_1_212' title='bbox 303 2605 413 2677; x_wconf 82' lang='lat' dir='ltr'>nuper</span> <span class='ocrx_word' id='word_1_213' title='bbox 461 2596 693 2651; x_wconf 87' lang='lat' dir='ltr'>memoratum</span> <span class='ocrx_word' id='word_1_214' title='bbox 737 2575 989 2649; x_wconf 83' lang='lat' dir='ltr'>Monallcrium</span> 
     </span>
     <span class='ocr_line' id='line_1_40' title="bbox 225 2677 989 2779; baseline -0.007 -26"><span class='ocrx_word' id='word_1_215' title='bbox 225 2677 390 2779; x_wconf 77' lang='lat' dir='ltr'>vigebat.</span> <span class='ocrx_word' id='word_1_216' title='bbox 419 2682 477 2753; x_wconf 86' lang='lat' dir='ltr'>An</span> <span class='ocrx_word' id='word_1_217' title='bbox 499 2677 610 2753; x_wconf 88' lang='lat' dir='ltr'>adhuc</span> <span class='ocrx_word' id='word_1_218' title='bbox 631 2677 697 2751; x_wconf 82' lang='lat' dir='ltr'>else</span> <span class='ocrx_word' id='word_1_219' title='bbox 717 2697 858 2775; x_wconf 80' lang='lat' dir='ltr'>pergat,</span> <span class='ocrx_word' id='word_1_220' title='bbox 886 2679 989 2772; x_wconf 88' lang='lat' dir='ltr'>igno·</span> 
     </span>
     <span class='ocr_line' id='line_1_41' title="bbox 225 2781 989 2874; baseline -0.005 -19"><span class='ocrx_word' id='word_1_221' title='bbox 225 2800 301 2855; x_wconf 89' lang='lat' dir='ltr'>tum</span> <span class='ocrx_word' id='word_1_222' title='bbox 331 2781 421 2854; x_wconf 89' lang='lat' dir='ltr'>mihi</span> <span class='ocrx_word' id='word_1_223' title='bbox 448 2781 515 2854; x_wconf 84' lang='lat' dir='ltr'>est.</span> <span class='ocrx_word' id='word_1_224' title='bbox 554 2781 719 2851; x_wconf 85' lang='lat' dir='ltr'>Alterum</span> <span class='ocrx_word' id='word_1_225' title='bbox 758 2797 890 2850; x_wconf 86' lang='lat' dir='ltr'>tamen·</span> <span class='ocrx_word' id='word_1_226' title='bbox 913 2781 989 2874; x_wconf 82' lang='lat' dir='ltr'>eju·</span> 
     </span>
     <span class='ocr_line' id='line_1_42' title="bbox 224 2875 987 3057; baseline -0.001 -103"><span class='ocrx_word' id='word_1_227' title='bbox 224 2881 318 2954; x_wconf 91' lang='lat' dir='ltr'>sdem</span> <span class='ocrx_word' id='word_1_228' title='bbox 348 2878 600 3057; x_wconf 71' lang='lat' dir='ltr'>prppemodum</span> <span class='ocrx_word' id='word_1_229' title='bbox 628 2875 762 2951; x_wconf 85' lang='lat' dir='ltr'>formae</span> <span class='ocrx_word' id='word_1_230' title='bbox 791 2884 987 2953; x_wconf 91' lang='lat' dir='ltr'>Nummum</span> 
     </span>
     <span class='ocr_line' id='line_1_43' title="bbox 433 3010 452 3054; baseline 0 0"><span class='ocrx_word' id='word_1_231' title='bbox 433 3010 452 3054; x_wconf 95' lang='lat' dir='ltr'>u</span> 
     </span>
    </p>
   </div>
   <div class='ocr_carea' id='block_1_10' title="bbox 223 2977 988 3158">
    <p class='ocr_par' dir='ltr' id='par_1_12' title="bbox 223 2977 988 3158">
     <span class='ocr_line' id='line_1_44' title="bbox 223 2977 988 3079; baseline 0.001 -24"><span class='ocrx_word' id='word_1_232' title='bbox 223 2982 261 3056; x_wconf 92' lang='lat' dir='ltr'>in</span> <span class='ocrx_word' id='word_1_233' title='bbox 289 2980 366 3079; x_wconf 88' lang='lat' dir='ltr'>ipso</span> <span class='ocrx_word' id='word_1_234' title='bbox 458 2980 513 3055; x_wconf 93' lang='lat' dir='ltr'>seo</span> <span class='ocrx_word' id='word_1_235' title='bbox 534 2977 782 3055; x_wconf 84' lang='lat' dir='ltr'>Bertacchinio</span> <span class='ocrx_word' id='word_1_236' title='bbox 802 2980 899 3063; x_wconf 86' lang='lat' dir='ltr'>vidi,</span> <span class='ocrx_word' id='word_1_237' title='bbox 927 2981 988 3057; x_wconf 92' lang='lat' dir='ltr'>ubi</span> 
     </span>
     <span class='ocr_line' id='line_1_45' title="bbox 224 3082 983 3158; baseline -0.004 0"><span class='ocrx_word' id='word_1_238' title='bbox 224 3083 348 3158; x_wconf 88' lang='lat' dir='ltr'>literae</span> <span class='ocrx_word' id='word_1_239' title='bbox 385 3084 470 3157; x_wconf 87' lang='lat' dir='ltr'>illae</span> <span class='ocrx_word' id='word_1_240' title='bbox 513 3087 577 3157; x_wconf 84' lang='lat' dir='ltr'>DE</span> <span class='ocrx_word' id='word_1_241' title='bbox 620 3085 780 3155; x_wconf 86' lang='lat' dir='ltr'>FlRMO</span> <span class='ocrx_word' id='word_1_242' title='bbox 817 3082 902 3155; x_wconf 89' lang='lat' dir='ltr'>adeo</span> <span class='ocrx_word' id='word_1_243' title='bbox 930 3082 983 3155; x_wconf 89' lang='lat' dir='ltr'>in·</span> 
     </span>
    </p>
   </div>
   <div class='ocr_carea' id='block_1_11' title="bbox 1106 2377 1868 2475">
    <p class='ocr_par' dir='ltr' id='par_1_13' title="bbox 1104 2377 1868 2477">
     <span class='ocr_line' id='line_1_46' title="bbox 1106 2377 1868 2475; baseline 0.005 -26.99"><span class='ocrx_word' id='word_1_244' title='bbox 1106 2377 1254 2475; x_wconf 84' lang='lat' dir='ltr'>graplte:</span> <span class='ocrx_word' id='word_1_245' title='bbox 1285 2381 1319 2451; x_wconf 86' lang='lat' dir='ltr'>S.</span> <span class='ocrx_word' id='word_1_246' title='bbox 1342 2380 1595 2452; x_wconf 83' lang='lat' dir='ltr'>IOHANNEs</span> <span class='ocrx_word' id='word_1_247' title='bbox 1622 2381 1790 2469; x_wconf 74' lang='lat' dir='ltr'>Baptista.</span> <span class='ocrx_word' id='word_1_248' title='bbox 1826 2380 1868 2456; x_wconf 87' lang='lat' dir='ltr'>ln</span> 
     </span>
    </p>
   </div>
   <div class='ocr_carea' id='block_1_12' title="bbox 1055 2479 1869 2578">
    <p class='ocr_par' dir='ltr' id='par_1_14' title="bbox 1055 2479 1869 2578">
     <span class='ocr_line' id='line_1_47' title="bbox 1055 2479 1869 2578; baseline 0.01 -30"><span class='ocrx_word' id='word_1_249' title='bbox 1055 2511 1057 2516; x_wconf 94' lang='lat'>·</span> <span class='ocrx_word' id='word_1_250' title='bbox 1107 2479 1216 2550; x_wconf 89' lang='lat' dir='ltr'>altera</span> <span class='ocrx_word' id='word_1_251' title='bbox 1259 2480 1437 2560; x_wconf 86' lang='lat' dir='ltr'>Lilium,</span> <span class='ocrx_word' id='word_1_252' title='bbox 1484 2480 1683 2554; x_wconf 81' lang='lat' dir='ltr'>Florentini</span> <span class='ocrx_word' id='word_1_253' title='bbox 1741 2480 1869 2578; x_wconf 82' lang='lat' dir='ltr'>Populi</span> 
     </span>
    </p>
   </div>
   <div class='ocr_carea' id='block_1_13' title="bbox 1105 2576 1870 2778">
    <p class='ocr_par' dir='ltr' id='par_1_15' title="bbox 1105 2576 1870 2778">
     <span class='ocr_line' id='line_1_48' title="bbox 1105 2576 1869 2677; baseline 0.007 -26"><span class='ocrx_word' id='word_1_254' title='bbox 1105 2576 1259 2677; x_wconf 77' lang='lat' dir='ltr'>infigne,</span> <span class='ocrx_word' id='word_1_255' title='bbox 1287 2578 1324 2652; x_wconf 77' lang='grc' dir='ltr'>ἃ</span> <span class='ocrx_word' id='word_1_256' title='bbox 1352 2582 1389 2654; x_wconf 94' lang='lat' dir='ltr'>in</span> <span class='ocrx_word' id='word_1_257' title='bbox 1416 2581 1530 2653; x_wconf 85' lang='lat' dir='ltr'>limbo</span> <span class='ocrx_word' id='word_1_258' title='bbox 1551 2585 1869 2656; x_wconf 77' lang='lat' dir='ltr'>FLORENTlA.</span> 
     </span>
     <span class='ocr_line' id='line_1_49' title="bbox 1156 2679 1870 2778; baseline 0.01 -26"><span class='ocrx_word' id='word_1_259' title='bbox 1156 2681 1349 2752; x_wconf 87' lang='lat' dir='ltr'>Secundum</span> <span class='ocrx_word' id='word_1_260' title='bbox 1371 2679 1507 2753; x_wconf 85' lang='lat' dir='ltr'>aereum</span> <span class='ocrx_word' id='word_1_261' title='bbox 1531 2707 1610 2752; x_wconf 90' lang='lat' dir='ltr'>cum</span> <span class='ocrx_word' id='word_1_262' title='bbox 1634 2704 1780 2778; x_wconf 82' lang='lat' dir='ltr'>argento</span> <span class='ocrx_word' id='word_1_263' title='bbox 1799 2683 1870 2759; x_wconf 89' lang='lat' dir='ltr'>mi·</span> 
     </span>
    </p>
   </div>
   <div class='ocr_carea' id='block_1_14' title="bbox 1104 2780 1872 2982">
    <p class='ocr_par' dir='ltr' id='par_1_16' title="bbox 1104 2780 1872 2982">
     <span class='ocr_line' id='line_1_50' title="bbox 1104 2780 1872 2880; baseline 0.008 -26"><span class='ocrx_word' id='word_1_264' title='bbox 1104 2798 1205 2855; x_wconf 86' lang='lat' dir='ltr'>xtum</span> <span class='ocrx_word' id='word_1_265' title='bbox 1235 2780 1387 2879; x_wconf 79' lang='lat' dir='ltr'>possideo</span> <span class='ocrx_word' id='word_1_266' title='bbox 1413 2807 1499 2880; x_wconf 89' lang='lat' dir='ltr'>ego.</span> <span class='ocrx_word' id='word_1_267' title='bbox 1540 2782 1594 2855; x_wconf 92' lang='lat' dir='ltr'>lbi</span> <span class='ocrx_word' id='word_1_268' title='bbox 1621 2801 1727 2873; x_wconf 86' lang='lat' dir='ltr'>typus</span> <span class='ocrx_word' id='word_1_269' title='bbox 1755 2782 1872 2860; x_wconf 83' lang='lat' dir='ltr'>idern.</span> 
     </span>
     <span class='ocr_line' id='line_1_51' title="bbox 1105 2884 1871 2982; baseline 0.012 -28"><span class='ocrx_word' id='word_1_270' title='bbox 1105 2884 1305 2982; x_wconf 79' lang='lat' dir='ltr'>Epigraphc</span> <span class='ocrx_word' id='word_1_271' title='bbox 1331 2887 1366 2958; x_wconf 87' lang='lat' dir='ltr'>S.</span> <span class='ocrx_word' id='word_1_272' title='bbox 1386 2885 1620 2957; x_wconf 82' lang='lat' dir='ltr'>IOANNES.</span> <span class='ocrx_word' id='word_1_273' title='bbox 1650 2887 1871 2963; x_wconf 72' lang='lat' dir='ltr'>rLOREN·</span> 
     </span>
    </p>
   </div>
   <div class='ocr_carea' id='block_1_15' title="bbox 1103 2987 1867 3185">
    <p class='ocr_par' dir='ltr' id='par_1_17' title="bbox 1103 2987 1867 3185">
     <span class='ocr_line' id='line_1_52' title="bbox 1103 2987 1867 3185; baseline 0.008 -26"><span class='ocrx_word' id='word_1_274' title='bbox 1103 2987 1302 3159; x_wconf 54' lang='lat' dir='ltr'>Tiseitius</span> <span class='ocrx_word' id='word_1_275' title='bbox 1328 3105 1533 3185; x_wconf 83' lang='lat' dir='ltr'>argenteus,</span> <span class='ocrx_word' id='word_1_276' title='bbox 1571 3087 1736 3161; x_wconf 86' lang='lat' dir='ltr'>Mutinae</span> <span class='ocrx_word' id='word_1_277' title='bbox 1764 3115 1867 3185; x_wconf 84' lang='lat' dir='ltr'>penes</span> 
     </span>
    </p>
   </div>
   <div class='ocr_carea' id='block_1_16' title="bbox 223 3182 1871 3284">
    <p class='ocr_par' dir='ltr' id='par_1_18' title="bbox 223 3182 1871 3284">
     <span class='ocr_line' id='line_1_53' title="bbox 223 3182 1871 3284; baseline 0.004 -25"><span class='ocrx_word' id='word_1_278' title='bbox 223 3185 388 3259; x_wconf 89' lang='lat' dir='ltr'>conditae</span> <span class='ocrx_word' id='word_1_279' title='bbox 415 3185 517 3274; x_wconf 89' lang='lat' dir='ltr'>sunt,</span> <span class='ocrx_word' id='word_1_280' title='bbox 553 3203 594 3256; x_wconf 90' lang='lat' dir='ltr'>ut</span> <span class='ocrx_word' id='word_1_281' title='bbox 632 3182 726 3255; x_wconf 90' lang='lat' dir='ltr'>nihil</span> <span class='ocrx_word' id='word_1_282' title='bbox 753 3182 848 3255; x_wconf 90' lang='lat' dir='ltr'>aliud</span> <span class='ocrx_word' id='word_1_283' title='bbox 876 3182 987 3256; x_wconf 91' lang='lat' dir='ltr'>escul-</span> <span class='ocrx_word' id='word_1_284' title='bbox 1025 3205 1059 3274; x_wconf 80' lang='lat' dir='ltr'>D</span> <span class='ocrx_word' id='word_1_285' title='bbox 1101 3184 1227 3284; x_wconf 88' lang='lat' dir='ltr'>Joseph</span> <span class='ocrx_word' id='word_1_286' title='bbox 1264 3188 1417 3258; x_wconf 89' lang='lat' dir='ltr'>Mariam</span> <span class='ocrx_word' id='word_1_287' title='bbox 1456 3185 1673 3261; x_wconf 90' lang='lat' dir='ltr'>Cattancum</span> <span class='ocrx_word' id='word_1_288' title='bbox 1711 3188 1871 3265; x_wconf 84' lang='lat' dir='ltr'>adserva·</span> 
     </span>
    </p>
   </div>
   <div class='ocr_carea' id='block_1_17' title="bbox 219 3281 986 3971">
    <p class='ocr_par' dir='ltr' id='par_1_19' title="bbox 219 3281 986 3971">
     <span class='ocr_line' id='line_1_54' title="bbox 223 3281 986 3384; baseline 0.003 -27"><span class='ocrx_word' id='word_1_289' title='bbox 223 3312 302 3383; x_wconf 88' lang='lat' dir='ltr'>pere</span> <span class='ocrx_word' id='word_1_290' title='bbox 329 3285 390 3359; x_wconf 92' lang='lat' dir='ltr'>diu</span> <span class='ocrx_word' id='word_1_291' title='bbox 433 3285 635 3384; x_wconf 85' lang='lat' dir='ltr'>potuerim.</span> <span class='ocrx_word' id='word_1_292' title='bbox 676 3281 739 3355; x_wconf 82' lang='lat' dir='ltr'>nisi</span> <span class='ocrx_word' id='word_1_293' title='bbox 776 3287 986 3359; x_wconf 81' lang='lat' dir='ltr'>BERlTO.</span> 
     </span>
     <span class='ocr_line' id='line_1_55' title="bbox 222 3387 985 3462; baseline 0.001 -3"><span class='ocrx_word' id='word_1_294' title='bbox 222 3390 354 3462; x_wconf 78' lang='lat' dir='ltr'>Verium</span> <span class='ocrx_word' id='word_1_295' title='bbox 382 3387 499 3459; x_wconf 71' lang='lat' dir='ltr'>sanni</span> <span class='ocrx_word' id='word_1_296' title='bbox 524 3387 646 3460; x_wconf 70' lang='lat' dir='ltr'>savini</span> <span class='ocrx_word' id='word_1_297' title='bbox 681 3411 810 3459; x_wconf 92' lang='lat' dir='ltr'>nomen</span> <span class='ocrx_word' id='word_1_298' title='bbox 851 3413 985 3460; x_wconf 87' lang='lat' dir='ltr'>memo·</span> 
     </span>
     <span class='ocr_line' id='line_1_56' title="bbox 222 3487 986 3588; baseline -0.003 -25"><span class='ocrx_word' id='word_1_299' title='bbox 222 3489 294 3563; x_wconf 86' lang='lat' dir='ltr'>riae</span> <span class='ocrx_word' id='word_1_300' title='bbox 330 3516 428 3564; x_wconf 88' lang='lat' dir='ltr'>meae</span> <span class='ocrx_word' id='word_1_301' title='bbox 465 3487 669 3568; x_wconf 88' lang='lat' dir='ltr'>redditum,</span> <span class='ocrx_word' id='word_1_302' title='bbox 710 3487 751 3560; x_wconf 89' lang='lat' dir='ltr'>ad</span> <span class='ocrx_word' id='word_1_303' title='bbox 780 3488 986 3588; x_wconf 85' lang='lat' dir='ltr'>intelligen-</span> 
     </span>
     <span class='ocr_line' id='line_1_57' title="bbox 220 3590 984 3687; baseline 0.003 -24"><span class='ocrx_word' id='word_1_304' title='bbox 220 3591 303 3663; x_wconf 91' lang='lat' dir='ltr'>dum</span> <span class='ocrx_word' id='word_1_305' title='bbox 342 3597 538 3665; x_wconf 91' lang='lat' dir='ltr'>Nummum</span> <span class='ocrx_word' id='word_1_306' title='bbox 581 3617 648 3665; x_wconf 77' lang='lat' dir='ltr'>me</span> <span class='ocrx_word' id='word_1_307' title='bbox 684 3590 824 3662; x_wconf 84' lang='lat' dir='ltr'>tandem</span> <span class='ocrx_word' id='word_1_308' title='bbox 863 3590 984 3687; x_wconf 87' lang='lat' dir='ltr'>perdu-</span> 
     </span>
     <span class='ocr_line' id='line_1_58' title="bbox 220 3690 984 3771; baseline 0 -7"><span class='ocrx_word' id='word_1_309' title='bbox 220 3692 296 3764; x_wconf 79' lang='lat' dir='ltr'>xit.</span> <span class='ocrx_word' id='word_1_310' title='bbox 324 3690 495 3768; x_wconf 75' lang='lat' dir='ltr'>Ceterum</span> <span class='ocrx_word' id='word_1_311' title='bbox 524 3692 561 3764; x_wconf 93' lang='lat' dir='ltr'>in</span> <span class='ocrx_word' id='word_1_312' title='bbox 583 3691 727 3764; x_wconf 89' lang='lat' dir='ltr'>alterius</span> <span class='ocrx_word' id='word_1_313' title='bbox 749 3691 848 3771; x_wconf 92' lang='lat' dir='ltr'>illius</span> <span class='ocrx_word' id='word_1_314' title='bbox 871 3698 984 3766; x_wconf 92' lang='lat' dir='ltr'>Num·</span> 
     </span>
     <span class='ocr_line' id='line_1_59' title="bbox 219 3791 983 3896; baseline 0.003 -32"><span class='ocrx_word' id='word_1_315' title='bbox 219 3791 271 3864; x_wconf 91' lang='lat' dir='ltr'>mi</span> <span class='ocrx_word' id='word_1_316' title='bbox 299 3797 375 3867; x_wconf 78' lang='lat' dir='ltr'>arel</span> <span class='ocrx_word' id='word_1_317' title='bbox 402 3797 460 3868; x_wconf 81' lang='lat' dir='ltr'>VS</span> <span class='ocrx_word' id='word_1_318' title='bbox 486 3793 737 3867; x_wconf 90' lang='lat' dir='ltr'>tantummodo</span> <span class='ocrx_word' id='word_1_319' title='bbox 764 3792 922 3896; x_wconf 89' lang='lat' dir='ltr'>legitur,</span> <span class='ocrx_word' id='word_1_320' title='bbox 948 3797 983 3866; x_wconf 77' lang='grc' dir='ltr'>δι</span> 
     </span>
     <span class='ocr_line' id='line_1_60' title="bbox 220 3895 734 3971; baseline 0.008 -4"><span class='ocrx_word' id='word_1_321' title='bbox 220 3895 397 3969; x_wconf 88' lang='lat' dir='ltr'>crucicula</span> <span class='ocrx_word' id='word_1_322' title='bbox 425 3895 545 3969; x_wconf 85' lang='lat' dir='ltr'>subtus</span> <span class='ocrx_word' id='word_1_323' title='bbox 572 3895 734 3971; x_wconf 81' lang='lat' dir='ltr'>additur.</span> 
     </span>
    </p>
   </div>
   <div class='ocr_carea' id='block_1_18' title="bbox 344 4042 863 4169">
    <p class='ocr_par' dir='ltr' id='par_1_20' title="bbox 344 4042 863 4169">
     <span class='ocr_line' id='line_1_61' title="bbox 344 4042 863 4169; baseline 0.008 -5"><span class='ocrx_word' id='word_1_324' title='bbox 344 4042 863 4169; x_wconf 73' lang='lat' dir='ltr'>FLORENTIA.</span> 
     </span>
    </p>
   </div>
   <div class='ocr_carea' id='block_1_19' title="bbox 214 4296 978 5002">
    <p class='ocr_par' dir='ltr' id='par_1_21' title="bbox 299 4296 978 4396">
     <span class='ocr_line' id='line_1_62' title="bbox 299 4296 978 4396; baseline 0.003 -25"><span class='ocrx_word' id='word_1_325' title='bbox 299 4300 413 4372; x_wconf 65' lang='lat' dir='ltr'>sucos</span> <span class='ocrx_word' id='word_1_326' title='bbox 431 4324 450 4373; x_wconf 91' lang='lat' dir='ltr'>e</span> <span class='ocrx_word' id='word_1_327' title='bbox 471 4298 639 4373; x_wconf 87' lang='lat' dir='ltr'>Nummis</span> <span class='ocrx_word' id='word_1_328' title='bbox 660 4296 876 4372; x_wconf 85' lang='lat' dir='ltr'>Florentinis</span> <span class='ocrx_word' id='word_1_329' title='bbox 898 4324 978 4396; x_wconf 89' lang='lat' dir='ltr'>pro·</span> 
     </span>
    </p>

    <p class='ocr_par' dir='ltr' id='par_1_22' title="bbox 214 4401 978 5002">
     <span class='ocr_line' id='line_1_63' title="bbox 318 4401 978 4500; baseline 0.006 -28"><span class='ocrx_word' id='word_1_330' title='bbox 318 4401 451 4489; x_wconf 81' lang='lat' dir='ltr'>seram,</span> <span class='ocrx_word' id='word_1_331' title='bbox 479 4403 520 4475; x_wconf 90' lang='lat' dir='ltr'>de</span> <span class='ocrx_word' id='word_1_332' title='bbox 549 4402 675 4500; x_wconf 87' lang='lat' dir='ltr'>quibus</span> <span class='ocrx_word' id='word_1_333' title='bbox 704 4404 814 4473; x_wconf 91' lang='lat' dir='ltr'>multa</span> <span class='ocrx_word' id='word_1_334' title='bbox 851 4402 978 4499; x_wconf 87' lang='lat' dir='ltr'>loquu-</span> 
     </span>
     <span class='ocr_line' id='line_1_64' title="bbox 214 4502 974 4603; baseline 0.004 -29"><span class='ocrx_word' id='word_1_335' title='bbox 214 4520 272 4575; x_wconf 88' lang='lat' dir='ltr'>tus</span> <span class='ocrx_word' id='word_1_336' title='bbox 299 4505 343 4576; x_wconf 87' lang='lat' dir='ltr'>est</span> <span class='ocrx_word' id='word_1_337' title='bbox 372 4502 585 4603; x_wconf 87' lang='lat' dir='ltr'>Borghinius</span> <span class='ocrx_word' id='word_1_338' title='bbox 628 4503 664 4576; x_wconf 93' lang='lat' dir='ltr'>in</span> <span class='ocrx_word' id='word_1_339' title='bbox 707 4503 775 4577; x_wconf 91' lang='lat' dir='ltr'>suis</span> <span class='ocrx_word' id='word_1_340' title='bbox 810 4503 974 4577; x_wconf 83' lang='lat' dir='ltr'>Disserta-</span> 
     </span>
     <span class='ocr_line' id='line_1_65' title="bbox 215 4604 974 4679; baseline 0.001 -3"><span class='ocrx_word' id='word_1_341' title='bbox 215 4604 376 4677; x_wconf 89' lang='lat' dir='ltr'>tionibus</span> <span class='ocrx_word' id='word_1_342' title='bbox 396 4607 439 4677; x_wconf 89' lang='lat' dir='ltr'>de</span> <span class='ocrx_word' id='word_1_343' title='bbox 457 4608 525 4678; x_wconf 85' lang='lat' dir='ltr'>reb.</span> <span class='ocrx_word' id='word_1_344' title='bbox 544 4604 780 4679; x_wconf 84' lang='lat' dir='ltr'>Florentinis:</span> <span class='ocrx_word' id='word_1_345' title='bbox 805 4606 863 4677; x_wconf 85' lang='lat' dir='ltr'>ubi</span> <span class='ocrx_word' id='word_1_346' title='bbox 881 4633 974 4679; x_wconf 87' lang='lat' dir='ltr'>emm</span> 
     </span>
     <span class='ocr_line' id='line_1_66' title="bbox 215 4706 977 4801; baseline 0.007 -24"><span class='ocrx_word' id='word_1_347' title='bbox 215 4731 323 4778; x_wconf 88' lang='lat' dir='ltr'>unum</span> <span class='ocrx_word' id='word_1_348' title='bbox 354 4707 595 4801; x_wconf 83' lang='lat' dir='ltr'>conspexeris,</span> <span class='ocrx_word' id='word_1_349' title='bbox 622 4706 776 4800; x_wconf 86' lang='lat' dir='ltr'>reliquos</span> <span class='ocrx_word' id='word_1_350' title='bbox 799 4727 833 4779; x_wconf 90' lang='lat' dir='ltr'>te</span> <span class='ocrx_word' id='word_1_351' title='bbox 856 4708 977 4782; x_wconf 84' lang='lat' dir='ltr'>vidisse</span> 
     </span>
     <span class='ocr_line' id='line_1_67' title="bbox 215 4809 973 4904; baseline 0.007 -28"><span class='ocrx_word' id='word_1_352' title='bbox 215 4827 320 4900; x_wconf 86' lang='lat' dir='ltr'>puta.</span> <span class='ocrx_word' id='word_1_353' title='bbox 348 4809 454 4902; x_wconf 81' lang='lat' dir='ltr'>Quod</span> <span class='ocrx_word' id='word_1_354' title='bbox 483 4828 576 4880; x_wconf 88' lang='lat' dir='ltr'>certe</span> <span class='ocrx_word' id='word_1_355' title='bbox 603 4809 639 4881; x_wconf 91' lang='lat' dir='ltr'>in</span> <span class='ocrx_word' id='word_1_356' title='bbox 662 4809 865 4904; x_wconf 80' lang='lat' dir='ltr'>fingularem</span> <span class='ocrx_word' id='word_1_357' title='bbox 894 4813 973 4881; x_wconf 90' lang='lat' dir='ltr'>Flo·</span> 
     </span>
     <span class='ocr_line' id='line_1_68' title="bbox 214 4903 975 5002; baseline 0.008 -29"><span class='ocrx_word' id='word_1_358' title='bbox 214 4911 372 4983; x_wconf 87' lang='lat' dir='ltr'>rentinac</span> <span class='ocrx_word' id='word_1_359' title='bbox 404 4911 631 5002; x_wconf 83' lang='lat' dir='ltr'>Reipublicae</span> <span class='ocrx_word' id='word_1_360' title='bbox 667 4903 816 5002; x_wconf 81' lang='lat' dir='ltr'>gloriam</span> <span class='ocrx_word' id='word_1_361' title='bbox 855 4911 975 5000; x_wconf 85' lang='lat' dir='ltr'>cedit,</span> 
     </span>
    </p>
   </div>
   <div class='ocr_carea' id='block_1_20' title="bbox 1101 3288 1908 4199">
    <p class='ocr_par' dir='ltr' id='par_1_23' title="bbox 1101 3288 1908 3669">
     <span class='ocr_line' id='line_1_69' title="bbox 1103 3288 1870 3385; baseline 0.01 -27"><span class='ocrx_word' id='word_1_362' title='bbox 1103 3306 1185 3375; x_wconf 84' lang='lat' dir='ltr'>tus,</span> <span class='ocrx_word' id='word_1_363' title='bbox 1213 3288 1305 3360; x_wconf 91' lang='lat' dir='ltr'>idcm</span> <span class='ocrx_word' id='word_1_364' title='bbox 1335 3288 1485 3384; x_wconf 71' lang='lat' dir='ltr'>cslypon</span> <span class='ocrx_word' id='word_1_365' title='bbox 1516 3290 1688 3385; x_wconf 81' lang='lat' dir='ltr'>praefert,</span> <span class='ocrx_word' id='word_1_366' title='bbox 1716 3288 1770 3362; x_wconf 88' lang='lat' dir='ltr'>sed</span> <span class='ocrx_word' id='word_1_367' title='bbox 1791 3292 1870 3366; x_wconf 83' lang='lat' dir='ltr'>cxi·</span> 
     </span>
     <span class='ocr_line' id='line_1_70' title="bbox 1101 3389 1908 3490; baseline 0.011 -31"><span class='ocrx_word' id='word_1_368' title='bbox 1101 3415 1171 3487; x_wconf 89' lang='lat' dir='ltr'>guo</span> <span class='ocrx_word' id='word_1_369' title='bbox 1199 3389 1296 3461; x_wconf 90' lang='lat' dir='ltr'>scuto</span> <span class='ocrx_word' id='word_1_370' title='bbox 1323 3390 1468 3478; x_wconf 84' lang='lat' dir='ltr'>addito,</span> <span class='ocrx_word' id='word_1_371' title='bbox 1496 3392 1532 3462; x_wconf 91' lang='lat' dir='ltr'>in</span> <span class='ocrx_word' id='word_1_372' title='bbox 1562 3419 1633 3489; x_wconf 90' lang='lat' dir='ltr'>quo</span> <span class='ocrx_word' id='word_1_373' title='bbox 1655 3392 1865 3490; x_wconf 84' lang='lat' dir='ltr'>distinguere</span> <span class='ocrx_word' id='word_1_374' title='bbox 1905 3441 1908 3446; x_wconf 93' lang='lat'>·</span> 
     </span>
     <span class='ocr_line' id='line_1_71' title="bbox 1101 3488 1864 3588; baseline 0.005 -25"><span class='ocrx_word' id='word_1_375' title='bbox 1101 3488 1234 3588; x_wconf 82' lang='lat' dir='ltr'>insigne</span> <span class='ocrx_word' id='word_1_376' title='bbox 1254 3491 1420 3582; x_wconf 86' lang='lat' dir='ltr'>nequivi.</span> <span class='ocrx_word' id='word_1_377' title='bbox 1451 3492 1638 3583; x_wconf 84' lang='lat' dir='ltr'>suscriptio</span> <span class='ocrx_word' id='word_1_378' title='bbox 1666 3494 1749 3566; x_wconf 88' lang='lat' dir='ltr'>hacc</span> <span class='ocrx_word' id='word_1_379' title='bbox 1769 3513 1864 3567; x_wconf 83' lang='lat' dir='ltr'>crat:</span> 
     </span>
     <span class='ocr_line' id='line_1_72' title="bbox 1103 3595 1865 3669; baseline 0.004 -4"><span class='ocrx_word' id='word_1_380' title='bbox 1103 3595 1419 3666; x_wconf 68' lang='lat' dir='ltr'>sloHaNNES.</span> <span class='ocrx_word' id='word_1_381' title='bbox 1433 3595 1471 3664; x_wconf 91' lang='lat' dir='ltr'>B.</span> <span class='ocrx_word' id='word_1_382' title='bbox 1485 3598 1547 3666; x_wconf 85' lang='lat' dir='ltr'>DE</span> <span class='ocrx_word' id='word_1_383' title='bbox 1561 3598 1865 3669; x_wconf 80' lang='lat' dir='ltr'>FLORENTIA.</span> 
     </span>
    </p>

    <p class='ocr_par' dir='ltr' id='par_1_24' title="bbox 1101 3696 1869 4199">
     <span class='ocr_line' id='line_1_73' title="bbox 1155 3696 1869 3791; baseline 0.003 -25"><span class='ocrx_word' id='word_1_384' title='bbox 1155 3698 1311 3786; x_wconf 84' lang='lat' dir='ltr'>Quartus</span> <span class='ocrx_word' id='word_1_385' title='bbox 1338 3714 1520 3791; x_wconf 83' lang='lat' dir='ltr'>argenteus</span> <span class='ocrx_word' id='word_1_386' title='bbox 1547 3696 1585 3768; x_wconf 89' lang='lat' dir='ltr'>in</span> <span class='ocrx_word' id='word_1_387' title='bbox 1620 3696 1753 3769; x_wconf 89' lang='lat' dir='ltr'>Museis</span> <span class='ocrx_word' id='word_1_388' title='bbox 1783 3698 1869 3768; x_wconf 87' lang='lat' dir='ltr'>Ber·</span> 
     </span>
     <span class='ocr_line' id='line_1_74' title="bbox 1101 3793 1868 3894; baseline 0.005 -28"><span class='ocrx_word' id='word_1_389' title='bbox 1101 3795 1283 3866; x_wconf 83' lang='lat' dir='ltr'>racchinio</span> <span class='ocrx_word' id='word_1_390' title='bbox 1300 3852 1309 3882; x_wconf 85' lang='lat'>,</span> <span class='ocrx_word' id='word_1_391' title='bbox 1329 3793 1367 3868; x_wconf 77' lang='grc' dir='ltr'>ἂ</span> <span class='ocrx_word' id='word_1_392' title='bbox 1389 3794 1635 3894; x_wconf 86' lang='lat' dir='ltr'>Chiappinio,</span> <span class='ocrx_word' id='word_1_393' title='bbox 1664 3794 1800 3892; x_wconf 86' lang='lat' dir='ltr'>lnfigne</span> <span class='ocrx_word' id='word_1_394' title='bbox 1828 3798 1868 3870; x_wconf 90' lang='lat' dir='ltr'>in</span> 
     </span>
     <span class='ocr_line' id='line_1_75' title="bbox 1103 3894 1868 4001; baseline 0.009 -36"><span class='ocrx_word' id='word_1_395' title='bbox 1103 3894 1202 3967; x_wconf 91' lang='lat' dir='ltr'>scuto</span> <span class='ocrx_word' id='word_1_396' title='bbox 1229 3916 1408 3970; x_wconf 88' lang='lat' dir='ltr'>exaratum</span> <span class='ocrx_word' id='word_1_397' title='bbox 1431 3917 1547 3994; x_wconf 91' lang='lat' dir='ltr'>aperte</span> <span class='ocrx_word' id='word_1_398' title='bbox 1571 3895 1709 4001; x_wconf 62' lang='lat' dir='ltr'>prodit.</span> <span class='ocrx_word' id='word_1_399' title='bbox 1736 3922 1868 3994; x_wconf 83' lang='lat' dir='ltr'>nempe</span> 
     </span>
     <span class='ocr_line' id='line_1_76' title="bbox 1104 3994 1868 4096; baseline 0.012 -32"><span class='ocrx_word' id='word_1_400' title='bbox 1104 3994 1268 4078; x_wconf 86' lang='lat' dir='ltr'>fasciam,</span> <span class='ocrx_word' id='word_1_401' title='bbox 1312 4000 1426 4072; x_wconf 90' lang='lat' dir='ltr'>tribus</span> <span class='ocrx_word' id='word_1_402' title='bbox 1451 3999 1595 4071; x_wconf 84' lang='lat' dir='ltr'>stellulis</span> <span class='ocrx_word' id='word_1_403' title='bbox 1623 3995 1868 4096; x_wconf 84' lang='lat' dir='ltr'>conspersam.</span> 
     </span>
     <span class='ocr_line' id='line_1_77' title="bbox 1102 4096 1869 4199; baseline 0.007 -31"><span class='ocrx_word' id='word_1_404' title='bbox 1102 4096 1156 4168; x_wconf 90' lang='lat' dir='ltr'>lbi</span> <span class='ocrx_word' id='word_1_405' title='bbox 1184 4098 1329 4172; x_wconf 78' lang='lat' dir='ltr'>Sanbius</span> <span class='ocrx_word' id='word_1_406' title='bbox 1365 4106 1514 4190; x_wconf 90' lang='lat' dir='ltr'>Joanncs</span> <span class='ocrx_word' id='word_1_407' title='bbox 1542 4099 1717 4199; x_wconf 85' lang='lat' dir='ltr'>Baptista,</span> <span class='ocrx_word' id='word_1_408' title='bbox 1759 4126 1869 4173; x_wconf 87' lang='lat' dir='ltr'>manu</span> 
     </span>
    </p>
   </div>
   <div class='ocr_carea' id='block_1_21' title="bbox 1014 4201 1866 4296">
    <p class='ocr_par' dir='ltr' id='par_1_25' title="bbox 1014 4201 1866 4296">
     <span class='ocr_line' id='line_1_78' title="bbox 1014 4201 1866 4296; baseline 0.001 -23"><span class='ocrx_word' id='word_1_409' title='bbox 1014 4210 1017 4215; x_wconf 86' lang='grc'><em>’</em></span> <span class='ocrx_word' id='word_1_410' title='bbox 1101 4218 1223 4296; x_wconf 86' lang='lat' dir='ltr'>tenens</span> <span class='ocrx_word' id='word_1_411' title='bbox 1251 4202 1457 4295; x_wconf 89' lang='lat' dir='ltr'>pendentem</span> <span class='ocrx_word' id='word_1_412' title='bbox 1488 4204 1682 4277; x_wconf 89' lang='lat' dir='ltr'>chartulam</span> <span class='ocrx_word' id='word_1_413' title='bbox 1711 4227 1789 4274; x_wconf 92' lang='lat' dir='ltr'>cum</span> <span class='ocrx_word' id='word_1_414' title='bbox 1817 4201 1866 4274; x_wconf 89' lang='lat' dir='ltr'>li·</span> 
     </span>
    </p>
   </div>
   <div class='ocr_carea' id='block_1_22' title="bbox 1099 4302 1929 5004">
    <p class='ocr_par' dir='ltr' id='par_1_26' title="bbox 1101 4302 1865 4578">
     <span class='ocr_line' id='line_1_79' title="bbox 1101 4302 1865 4397; baseline 0.001 -24"><span class='ocrx_word' id='word_1_415' title='bbox 1101 4302 1186 4374; x_wconf 87' lang='lat' dir='ltr'>teris</span> <span class='ocrx_word' id='word_1_416' title='bbox 1214 4306 1364 4390; x_wconf 67' lang='lat' dir='ltr'>Ecce,</span> <span class='ocrx_word' id='word_1_417' title='bbox 1391 4302 1534 4376; x_wconf 88' lang='lat' dir='ltr'>subaudi</span> <span class='ocrx_word' id='word_1_418' title='bbox 1562 4307 1722 4397; x_wconf 82' lang='lat' dir='ltr'>reliqua,</span> <span class='ocrx_word' id='word_1_419' title='bbox 1765 4328 1865 4374; x_wconf 88' lang='lat' dir='ltr'>nem·</span> 
     </span>
     <span class='ocr_line' id='line_1_80' title="bbox 1102 4403 1863 4500; baseline 0.003 -26"><span class='ocrx_word' id='word_1_420' title='bbox 1102 4428 1144 4499; x_wconf 90' lang='lat' dir='ltr'>pe</span> <span class='ocrx_word' id='word_1_421' title='bbox 1169 4411 1290 4500; x_wconf 71' lang='lat' dir='ltr'>Agnus</span> <span class='ocrx_word' id='word_1_422' title='bbox 1316 4405 1400 4478; x_wconf 79' lang='lat' dir='ltr'>Dei.</span> <span class='ocrx_word' id='word_1_423' title='bbox 1436 4404 1586 4499; x_wconf 85' lang='lat' dir='ltr'>Reliqua</span> <span class='ocrx_word' id='word_1_424' title='bbox 1621 4403 1863 4500; x_wconf 85' lang='lat' dir='ltr'>praecedenti·</span> 
     </span>
     <span class='ocr_line' id='line_1_81' title="bbox 1101 4505 1338 4578; baseline 0.008 -2"><span class='ocrx_word' id='word_1_425' title='bbox 1101 4511 1162 4577; x_wconf 89' lang='lat' dir='ltr'>bus</span> <span class='ocrx_word' id='word_1_426' title='bbox 1189 4505 1338 4578; x_wconf 82' lang='lat' dir='ltr'>fimilia.</span> 
     </span>
    </p>

    <p class='ocr_par' dir='ltr' id='par_1_27' title="bbox 1099 4602 1929 5004">
     <span class='ocr_line' id='line_1_82' title="bbox 1150 4602 1862 4705; baseline 0.003 -27"><span class='ocrx_word' id='word_1_427' title='bbox 1150 4607 1327 4701; x_wconf 77' lang='lat' dir='ltr'>Quinblus</span> <span class='ocrx_word' id='word_1_428' title='bbox 1371 4621 1555 4702; x_wconf 77' lang='lat' dir='ltr'>argenteus</span> <span class='ocrx_word' id='word_1_429' title='bbox 1605 4602 1730 4679; x_wconf 86' lang='lat' dir='ltr'>visitur</span> <span class='ocrx_word' id='word_1_430' title='bbox 1771 4604 1862 4705; x_wconf 90' lang='lat' dir='ltr'>apud</span> 
     </span>
     <span class='ocr_line' id='line_1_83' title="bbox 1099 4703 1862 4797; baseline 0 -19"><span class='ocrx_word' id='word_1_431' title='bbox 1099 4705 1273 4779; x_wconf 82' lang='lat' dir='ltr'>honestum</span> <span class='ocrx_word' id='word_1_432' title='bbox 1301 4703 1433 4778; x_wconf 85' lang='lat' dir='ltr'>Civem</span> <span class='ocrx_word' id='word_1_433' title='bbox 1472 4706 1713 4780; x_wconf 87' lang='lat' dir='ltr'>Mutinensem</span> <span class='ocrx_word' id='word_1_434' title='bbox 1755 4712 1862 4797; x_wconf 73' lang='lat' dir='ltr'>loan-</span> 
     </span>
     <span class='ocr_line' id='line_1_84' title="bbox 1100 4806 1863 4904; baseline 0.003 -26"><span class='ocrx_word' id='word_1_435' title='bbox 1100 4835 1176 4880; x_wconf 90' lang='lat' dir='ltr'>nem</span> <span class='ocrx_word' id='word_1_436' title='bbox 1204 4806 1483 4904; x_wconf 85' lang='lat' dir='ltr'>Camevalium.</span> <span class='ocrx_word' id='word_1_437' title='bbox 1521 4811 1575 4882; x_wconf 94' lang='lat' dir='ltr'>Ibi</span> <span class='ocrx_word' id='word_1_438' title='bbox 1616 4809 1761 4883; x_wconf 70' lang='lat' dir='ltr'>Sanslus</span> <span class='ocrx_word' id='word_1_439' title='bbox 1801 4813 1863 4897; x_wconf 74' lang='grc' dir='ltr'>Ιο-</span> 
     </span>
     <span class='ocr_line' id='line_1_85' title="bbox 1099 4907 1929 5004; baseline 0.001 -25"><span class='ocrx_word' id='word_1_440' title='bbox 1099 4911 1226 4980; x_wconf 87' lang='lat' dir='ltr'>hanncs</span> <span class='ocrx_word' id='word_1_441' title='bbox 1264 4907 1416 5004; x_wconf 79' lang='lat' dir='ltr'>Baptista</span> <span class='ocrx_word' id='word_1_442' title='bbox 1454 4910 1570 4984; x_wconf 88' lang='lat' dir='ltr'>sedens</span> <span class='ocrx_word' id='word_1_443' title='bbox 1597 4911 1634 4985; x_wconf 91' lang='lat' dir='ltr'>in</span> <span class='ocrx_word' id='word_1_444' title='bbox 1671 4910 1860 5000; x_wconf 70' lang='lat' dir='ltr'>emindii,</span> <span class='ocrx_word' id='word_1_445' title='bbox 1927 4945 1929 4950; x_wconf 59' lang='grc'>’</span> 
     </span>
    </p>
   </div>
   <div class='ocr_carea' id='block_1_23' title="bbox 215 5007 1862 5114">
    <p class='ocr_par' dir='ltr' id='par_1_28' title="bbox 215 5007 1862 5114">
     <span class='ocr_line' id='line_1_86' title="bbox 215 5007 1862 5114; baseline 0.005 -39"><span class='ocrx_word' id='word_1_446' title='bbox 215 5007 332 5079; x_wconf 86' lang='lat' dir='ltr'>cadem</span> <span class='ocrx_word' id='word_1_447' title='bbox 350 5012 464 5108; x_wconf 89' lang='lat' dir='ltr'>prima</span> <span class='ocrx_word' id='word_1_448' title='bbox 480 5010 571 5102; x_wconf 82' lang='lat' dir='ltr'>luit,</span> <span class='ocrx_word' id='word_1_449' title='bbox 598 5038 686 5109; x_wconf 84' lang='lat' dir='ltr'>quae</span> <span class='ocrx_word' id='word_1_450' title='bbox 701 5014 851 5087; x_wconf 71' lang='lat' dir='ltr'>florenos</span> <span class='ocrx_word' id='word_1_451' title='bbox 869 5040 974 5084; x_wconf 77' lang='lat' dir='ltr'>aureas</span> <span class='ocrx_word' id='word_1_452' title='bbox 1020 5012 1022 5015; x_wconf 74' lang='grc'><strong>’</strong></span> <span class='ocrx_word' id='word_1_453' title='bbox 1085 5009 1223 5094; x_wconf 76' lang='lat' dir='ltr'>¹sinistri</span> <span class='ocrx_word' id='word_1_454' title='bbox 1262 5010 1390 5088; x_wconf 87' lang='lat' dir='ltr'>hallam</span> <span class='ocrx_word' id='word_1_455' title='bbox 1431 5009 1663 5114; x_wconf 87' lang='lat' dir='ltr'>Crucigeram</span> <span class='ocrx_word' id='word_1_456' title='bbox 1709 5035 1862 5102; x_wconf 78' lang='lat' dir='ltr'>tenens,</span> 
     </span>
    </p>
   </div>
   <div class='ocr_carea' id='block_1_24' title="bbox 1688 5113 1812 5183">
    <p class='ocr_par' dir='ltr' id='par_1_29' title="bbox 1688 5113 1812 5183">
     <span class='ocr_line' id='line_1_87' title="bbox 1688 5113 1812 5183; baseline 0 0"><span class='ocrx_word' id='word_1_457' title='bbox 1688 5115 1722 5183; x_wconf 77' lang='grc' dir='ltr'>δι</span> <span class='ocrx_word' id='word_1_458' title='bbox 1749 5113 1812 5183; x_wconf 89' lang='lat' dir='ltr'>dc-</span> 
     </span>
    </p>
   </div>
   <div class='ocr_carea' id='block_1_25' title="bbox 0 0 2100 6016">
    <p class='ocr_par' dir='ltr' id='par_1_30' title="bbox 0 0 2100 6016">
     <span class='ocr_line' id='line_1_88' title="bbox 0 0 2100 6016; baseline 0 2"><span class='ocrx_word' id='word_1_459' title='bbox 0 0 2100 6016; x_wconf 95' lang='lat' dir='ltr'> </span> 
     </span>
    </p>
   </div>
  </div>
 </body>
</html>
