4214 6014
285 381 370 499 Ι7

600 370 970 465 DlSSERTATIO
995 366 1380 466 VIGESIMASEX
1385 369 1489 461 TA

1722 380 1847 484 198

220 494 289 573 Sed
312 502 347 572 lt
375 492 487 571 adbuc
515 493 892 588 animadvertendum,
924 498 985 569 Se·
1025 500 1062 571 A
1093 518 1172 567 rum
1199 492 1379 585 visitasse
1403 492 1533 565 Militis
1559 489 1669 564 induit
1693 494 1862 580 vestimen-

223 601 304 675 eulo
347 602 444 673 xln.
479 602 514 673 ἃ
553 604 652 673 xlv.
687 598 787 674 luisse
826 551 986 689 Milites,

225 700 293 776 boe
318 703 363 777 est
387 703 526 802 equites
553 731 574 775 a
599 706 720 774 duobus
746 704 854 799 equis,
880 732 902 777 a
924 703 986 773 tri-

225 803 283 878 ltu
314 805 426 902 equis.
464 802 507 879 In
542 800 681 877 Charta
717 803 881 878 Foederis
908 802 988 878 Bri-

222 905 302 980 xiae
343 912 455 980 Anno
491 907 687 979 MCCLII.
727 905 840 993 iniri,
881 932 986 1003 quarn

221 1006 448 1108 proferam
438 1033 477 1080 m
519 1005 772 1081 Dissertatione
817 961 988 1081 llLVIII.

221 1114 263 1181 cle
298 1113 442 1181 Ctvt'tat.
483 1107 605 1180 Libert.
646 1109 875 1183 constitutum
916 1108 988 1190 est,

225 1230 263 1281 ut
297 1213 337 1280 de
371 1210 612 1307 quadringentis
646 1212 820 1283 Militibus
854 1212 989 1309 quilibet

226 1310 362 1408 ipserum
387 1309 498 1384 babere
531 1315 643 1384 debeat
668 1332 732 1383 tres
757 1338 868 1410 equos,
905 1312 988 1383 inter

1095 597 1167 667 tis:
1193 599 1358 693 captusque
1384 594 1431 674 (φ
1462 596 1643 691 sciscitatus
1667 595 1739 692 quis
1763 590 1861 689 effer,

1096 699 1225 770 Militis
1265 698 1427 790 cujusnam
1460 699 1496 790 sc
1536 700 1684 771 Militem
1722 694 1779 793 effe
1813 721 1863 766 re-

1091 801 1245 892 [pandit
1283 805 1435 875 Itanon
1464 800 1627 900 agnitus,
1662 797 1702 874 dt
1738 793 1863 874 Calci-

1097 903 1231 976 nariam
1259 902 1409 985 dubius,
1435 903 1587 997 viliffimn
1609 907 1710 994 pretia
1741 923 1864 997 campa-

1097 1026 1205 1076 tatur.
1241 1009 1336 1077 Emit
1373 1027 1479 1079 antem
1519 1009 1612 1077 illum
1646 1007 1724 1094 suus
1766 1003 1866 1095 ipfius

1097 1109 1227 1188 Miles,
1263 1110 1387 1180 nomine
1421 1115 1503 1182 Les.
1542 1113 1592 1182 Et
1617 1107 1701 1181 hinc
1728 1110 1864 1181 elucere

1098 1208 1262 1293 videtur,
1298 1212 1453 1299 Milites,
1494 1211 1561 1284 hoc
1601 1210 1647 1284 est
1685 1209 1864 1299 Nobiles,

1099 1306 1138 1383 δι
1174 1337 1265 1409 equo
1301 1311 1339 1384 in
1380 1312 1514 1386 militia
1543 1332 1706 1394 utentes,
1743 1310 1865 1386 suble

226 1439 347 1511 ques
338 1439 435 1484 unum
469 1417 582 1485 barrum
618 1414 662 1483 (9⁶
697 1415 842 1486 idoneum
875 1442 987 1511 equum
1037 1417 1064 1485 B
1098 1412 1189 1484 alios
1225 1411 1360 1487 duxisse
1396 1413 1615 1490 militaturos
1655 1416 1697 1489 ad
1741 1410 1865 1513 praest-

224 1516 413 1610 armigerum
447 1515 558 1587 babere
581 1519 693 1588 debeat
718 1515 765 1595 ψ’
791 1538 986 1608 conpertum.

222 1621 271 1688 Et
296 1618 358 1689 alii
382 1617 510 1688 ducenti
534 1620 612 1689 durs
637 1644 728 1714 equas
760 1639 817 1709 pro
849 1621 987 1715 quolibet

161 1760 166 1768 ·
221 1717 519 1802 interemerant,
555 1721 638 1789 inter
672 1745 747 1816 ques
782 1747 863 1791 unus
889 1723 987 1793 lenus

224 1821 400 1914 armigerus
437 1817 551 1891 debeat
584 1816 641 1914 effe
675 1846 797 1916 equus.
837 1823 987 1897 Proinde

226 1924 348 1993 frater
373 1924 571 2020 Jacoponus
598 1920 817 1997 Tudertinus
844 1924 928 1999 Lib.
954 1949 988 2022 3.

225 2023 302 2096 Ode
329 2047 389 2128 25.
416 2021 491 2098 ait:

327 2231 403 2301 Nm
429 2229 508 2300 vuol
533 2230 622 2301 nulle
647 2228 839 2320 Canaliert',

1098 1513 1198 1586 dium
1226 1514 1247 1586 s
1253 1517 1326 1588 mul
1354 1542 1393 1588 ac
1414 1509 1645 1593 famulatum.
1672 1516 1766 1590 Vide
1786 1519 1866 1587 An·

1099 1617 1194 1688 nales
1221 1615 1422 1692 Genuenses
1454 1620 1588 1693 <zaffari
1616 1619 1699 1695 Lib.
1727 1620 1762 1694 ό.
1789 1615 1866 1692 edi·

1098 1735 1154 1790 ros
1181 1719 1303 1792 Tomo
1344 1722 1408 1793 Vl.
1444 1725 1523 1795 Rer.
1554 1720 1709 1796 Italicas.
1738 1719 1795 1794 lbi
1822 1717 1866 1792 ad

1101 1826 1246 1894 Annum
1288 1825 1518 1896 Mccxxv.
1554 1823 1639 1897 haec
1669 1826 1862 1926 leguntur:

1099 1927 1208 1992 Comes
1234 1926 1374 1995 Thomas
1398 1930 1438 1996 de
1462 1923 1633 1999 sabaudia
1664 1949 1721 2022 per
1747 1925 1867 2012 inllrtt·

1101 2046 1237 2094 mentum
1265 2024 1311 2105 &
1336 2025 1464 2119 pailum
1500 2030 1573 2098 inde
1608 2028 1758 2117 sallum,
1798 2051 1867 2096 tunt

1101 2125 1243 2195 ducentis
1270 2126 1440 2198 Militibus
1464 2127 1559 2223 usque
1584 2137 1628 2198 ad
1654 2128 1771 2220 menses
1789 2127 1867 2196 eluas

1096 2225 1181 2309 llare
1208 2229 1243 2296 in
1270 2227 1405 2297 exercitu
1430 2232 1475 2300 acl
1504 2229 1677 2320 servitium
1716 2236 1866 2301 Commu·

223 2381 226 2385 -
327 2331 395 2404 che
421 2357 481 2402 tran
501 2333 601 2423 serva
626 2362 648 2405 a
672 2355 720 2403 tre
744 2329 907 2419 destricti.
1032 2347 1063 2412 (²
1101 2329 1152 2397 nis
1168 2334 1304 2419 Januae
1329 2333 1512 2405 tenebatur.
1554 2336 1603 2401 Et
1643 2332 1717 2403 inde
1756 2333 1867 2403 babere

227 2532 414 2611 Nimirum
443 2534 570 2635 singuli
598 2553 683 2611 runc
709 2535 858 2636 Equites
877 2534 992 2608 secum

226 2636 445 2711 adducebant
472 2655 608 2738 praeter
635 2637 733 2712 suum
761 2663 914 2736 equum,
942 2640 993 2709 al·

223 2756 344 2812 rerum
372 2758 433 2812 aut
461 2766 524 2838 pro
551 2739 817 2838 supplemento,
845 2757 906 2813 sut
932 2765 993 2837 pro

1099 2432 1257 2520 debebat,
1301 2431 1345 2500 (9·
1383 2431 1496 2504 habuit
1521 2434 1639 2506 Libras
1664 2439 1786 2507 XXVI.
1810 2454 1868 2530 pte

1103 2533 1217 2602 Milite
1242 2560 1310 2604 cum
1336 2535 1494 2628 Dtnzella
1519 2541 1678 2617 armatis,
1719 2538 1764 2607 (7·
1788 2543 1869 2608 clua-

1101 2637 1158 2705 eus
1183 2635 1351 2723 Scutiferis
1376 2638 1462 2708 omni
1487 2642 1616 2727 menle;
1656 2635 1704 2716 &¹
1727 2661 1786 2758 pm
1805 2638 1870 2730 sua

1097 2734 1229 2831 persona
1262 2757 1384 2807 centum
1419 2741 1575 2810 Martbas
1620 2741 1781 2834 argenti,·
1820 2736 1869 2817 θ’

143 2874 147 2880 ·
226 2836 375 2912 sarcinis
403 2839 639 2931 destinatum,
684 2840 754 2913 sive
791 2867 899 2912 unum
928 2841 976 2913 sal
1098 2860 1155 2928 pm
1194 2839 1383 2933 capitaneis
1423 2841 1526 2913 tribus
1547 2861 1607 2932 pro
1643 2842 1782 2939 qualibet
1807 2841 1870 2914 bi·

222 2956 328 3032 tem,
364 2941 399 3011 δι
436 2939 646 3039 quandoque
686 2940 773 3014 duos
814 2939 996 3015 scutiferos

229 3040 289 3118 seu
334 3040 570 3116 hastisetos
558 3068 596 3116 tn
646 3042 746 3141 equis
789 3039 996 3126 institutes,

1102 2938 1176 3010 bras
1211 2941 1483 3037 quinquaginta,
1537 2944 1581 3013 (n
1625 2945 1872 3018 emendationem

1101 3040 1213 3113 damni
1251 3066 1396 3137 equarum
1431 3041 1689 3140 praelusorum,
1727 3044 1774 3126 w
1800 3072 1870 3118 ma-

228 3142 323 3245 ipsos
350 3171 491 3244 quoque
518 3142 559 3217 ad
581 3143 844 3244 pugnandum,
856 3148 996 3242 quotics
1098 3165 1269 3238 gnatorum
1304 3144 1529 3228 nibilominus
1570 3144 1618 3226 &
1657 3168 1871 3221 armatorum

223 3273 284 3320 tes
311 3245 497 3345 poscebat,
534 3244 679 3320 idoncos
717 3265 822 3345 arque
850 3274 996 3367 compo·
1037 3242 1068 3311 D
1105 3250 1145 3316 ln
1192 3244 1372 3340 postremis
1426 3245 1521 3322 bisce
1566 3249 1684 3324 verbis
1734 3248 1870 3325 vitium

228 3345 333 3431 litos,
377 3351 412 3422 δι
459 3347 670 3446 stipendium
722 3348 835 3448 postca
883 3349 994 3447 perci·

225 3449 388 3549 pientes.

285 3555 413 3649 Neque
448 3552 588 3627 sortasse
622 3551 739 3648 dispar
774 3552 864 3624 olim
900 3552 999 3623 mili-

232 3650 306 3726 riae
334 3652 427 3725 ratio
453 3656 543 3749 apud
585 3653 885 3750 Langobardos!
906 3656 999 3723 Nam

235 3753 413 3852 Procopio
451 3753 533 3826 relic
573 3754 656 3828 Lib.
680 3779 715 3845 4.
745 3750 836 3850 Cap.
868 3756 925 3828 τό.
959 3753 1001 3826 de

233 3856 339 3929 Bello
373 3855 555 3928 Gothico:
593 3859 773 3928 Audut'nus
810 3854 1000 3949 Langobar·

224 3962 340 4029 aarum
367 3966 460 4039 Rex,
486 3986 507 4030 a
524 3963 555 4048 J
557 3957 715 4044 ulliniane
742 3963 890 4050 Augusta
915 3957 999 4026 mul-

200 4064 270 4139 nst
293 4061 450 4156 petunil,
476 4057 522 4137 (a
546 4060 680 4146 {sederis
711 4056 876 4146 [anniane
903 4062 999 4129 inelu-

230 4161 327 4246 slut‚
355 4159 479 4231 teretia
502 4159 628 4250 [ssorum
655 4158 786 4242 habita,
821 4159 871 4227 bis
912 4162 1000 4230 mille
1025 4143 1068 4213 Ε

230 4266 378 4337 ducentos
404 4261 420 4358 (
443 4257 498 4333 seu
512 4258 638 4359 *potius
657 4259 841 4355 quingentos
852 4307 869 4337 ,.
889 4286 998 4356 quum

223 4369 387 4441 Graecus
415 4382 534 4438 rexrus
572 4361 677 4437 haber
718 4363 907 4459 emir.)
934 4365 1000 4434 lel-

232 4468 347 4547 lateres
380 4468 519 4565 egregias
544 4464 667 4538 auxilia
699 4467 760 4557 mi]
758 4486 854 4551 erat,
896 4463 1001 4558 btsque

232 4568 271 4640 in
293 4568 485 4658 famulatum
511 4570 684 4642 addiderat
699 4569 839 4660 amplius
855 4567 922 4637 tria
938 4587 1000 4661 pu·

225 4691 399 4766 gnatorum
425 4673 549 4744 millia.
591 4670 831 4770 Liutprandus
859 4693 1000 4767 quoque

224 4769 433 4850 Histoticus
459 4772 543 4848 Lib.
571 4795 604 4845 2.
632 4775 720 4868 Cap.
748 4779 803 4848 16.
826 4771 999 4845 Adelbet-

228 4893 314 4967 ·tum
351 4871 599 4947 Marehionem
637 4873 906 4949 Enoreeiensem
934 4898 998 4944 no-

228 4977 289 5053 bis
317 4974 510 5051 exhibet'
501 5001 539 5046 tn
578 4975 713 5071 proelio
742 5001 820 5048 cum
850 4979 1000 5071 ilunga-

233 5081 282 5157 ris
308 5074 458 5155 infausto
484 5073 552 5175 hac
573 5073 833 5171 antecessisse.
875 5073 998 5157 Nimi-

299 5248 317 5265 ὁ
333 5189 423 5255 Tem.
443 5176 501 5254 l'.'

1104 3343 1210 3426 inest,
1247 3343 1285 3418 dt
1327 3345 1546 3422 scribendum
1583 3372 1871 3522 mafgagnarorum

1104 3449 1148 3517 (9·
1174 3473 1349 3520 armorum.
1391 3450 1596 3523 Additur
1585 3451 1699 3523 inira:
1741 3454 1780 3522 ln
1807 3453 1873 3559 ipse

1104 3550 1238 3616 exercitu
1259 3549 1389 3634 fuerunt
1414 3551 1483 3620 viri
1508 3550 1627 3620 nobiles
1661 3547 1873 3673 Lettierirrgut

1104 3651 1144 3716 de
1172 3648 1380 3744 Martinengt
1397 3649 1440 3719 C
1428 3677 1495 3720 tens
1514 3651 1692 3738 Briaiensts
1711 3681 1779 3725 cum
1797 3654 1874 3729 Mi-

1105 3746 1219 3818 litibus
1257 3749 1523 3848 quinquaginta,
1572 3780 1700 3849 quorum
1743 3756 1874 3853 quisque

1105 3870 1174 3919 erat
1209 3876 1277 3920 tum
1315 3856 1437 3925 duabus
1476 3854 1564 3951 cquis
1603 3854 1651 3934 &¹
1675 3884 1745 3926 cum
1770 3860 1875 3928 tribus

1104 3949 1336 4040 scutiferis
1306 3974 1355 4032 ff
1395 3957 1566 4047 Donzellis
1605 3961 1681 4029 lene
1718 3961 1873 4034 armatis.
2000 3961 2002 3964 ’

1105 4055 1159 4125 Ex
1179 4078 1251 4149 quo
1269 4052 1474 4154 intelligas,
1500 4056 1692 4134 Scutiferos
1710 4057 1751 4135 ἃ
1773 4064 1876 4134 Don-

1104 4155 1215 4230 zcllos
1256 4156 1298 4228 ad
1335 4156 1560 4256 pugnandum
1596 4183 1734 4259 paratos
1761 4149 1874 4235 incis-

1106 4254 1197 4327 filse.
1228 4257 1407 4332 Praeterea
1433 4259 1568 4334 ibidem
1588 4263 1738 4360 legitur,
1767 4267 1873 4336 Prae'·

1106 4376 1220 4428 torem
1240 4358 1460 4434 Genuensenr
1480 4360 1635 4435 minue
1624 4388 1662 4435 tn
1683 4362 1870 4440 subsidium

1110 4454 1302 4532 Astenfium
1338 4461 1470 4536 Milites
1504 4485 1653 4537 trecentas
1678 4467 1793 4560 optime
1817 4496 1873 4541 nr

1107 4583 1228 4639 matos,
1272 4565 1441 4658 quemlibet
1475 4593 1543 4637 cum
1582 4568 1778 4650 invinerit,
1826 4577 1871 4638 Θ·

1107 4665 1226 4735 duabus
1251 4666 1436 4754 scutiferis.
1465 4670 1533 4741 Pro
1558 4670 1729 4742 Savinerit
1752 4672 1874 4768 legem

1108 4766 1191 4840 dum
1218 4771 1264 4836 sa
1245 4772 1405 4849 numeria,
1434 4771 1490 4840 uel
1517 4773 1705 4861 saumario,
1734 4772 1871 4869 jumen-

1109 4884 1148 4939 to
1175 4866 1346 4941 videlieet
1371 4867 1413 4938 ad
1434 4866 1582 4941 sarcinas
1607 4872 1793 4968 portandas
1811 4875 1872 4950 dc

1108 4968 1256 5042 stinato·
1310 4969 1400 5043 unde
1438 4968 1565 5044 Italica
1608 4997 1679 5048 vox
1719 4981 1872 5065 sonat-,0

1108 5098 1214 5246 qu1i1m
1234 5098 1306 5161 ‚not
1331 5068 1523 5153 Mutincns
1521 5099 1555 5147 cs
1582 5074 1626 5152 ad
1642 5074 1771 5154 Asinos
1792 5102 1872 5156 tan·

1744 5185 1822 5256 turn

1924 5460 2057 5600 l*
