4214 6014
278 364 367 474 333
586 352 954 444 DlSSERTATIO
1014 350 1497 445 Vitium-isium,
1716 389 1803 470 ²34

219 473 362 549 nieranr
390 475 547 557 Arabes,
575 503 684 573 quum
713 477 755 550 ad
783 502 842 549 eos
870 477 988 550 debel-
1024 484 1059 552 A

211 576 348 671 ,landos
368 584 475 652 Anno
499 581 645 652 mxiv.
673 578 761 652 felix
784 577 989 652 Pisanorum

227 677 338 752 claffis
373 678 561 779 processit,
598 680 652 754 uti
690 699 920 755 monumenta
946 682 991 754 ab

227 780 397 879 Ugbellio
433 783 531 856 edita
559 784 671 856 Tom.
708 805 743 878 3.
780 781 863 856 Ital.
899 788 991 856 Sarr.

138 947 141 951 .
222 879 263 952 in
290 881 561 980 Arcbiepil'cop.
591 880 704 956 Pisau.
733 886 912 983 produnt.
950 885 991 958 ln

224 983 390 1057 Navibus
416 983 601 1064 Castrum,
635 987 730 1080 quod
758 985 994 1083 supereminet

225 1085 360 1183 puppi,
399 1083 512 1157 adhuc
542 1083 580 1157 in
608 1087 697 1159 mari
725 1086 847 1161 Siculo
874 1089 992 1183 appel·

227 1185 324 1256 latur
349 1181 494 1276 Cassera,
530 1184 580 1258 ita
613 1207 653 1260 ut
682 1187 821 1285 opinari
859 1190 994 1278 liceat,

229 1281 373 1357 Cassara
409 1287 447 1358 in
483 1286 633 1361 editiore
678 1286 884 1363 Civitatum
932 1310 995 1363 aut

1099 472 1288 562 visuntur,
1322 475 1358 546 δι
1395 471 1579 571 antiquam
1616 469 1772 547 retinent
1798 500 1860 571 ap-

1097 574 1362 676 pellationem.
1405 579 1489 648 Suas
1527 571 1567 649 δι
1609 575 1707 648 Galli
1749 573 1863 648 olien-

1097 680 1207 751 dunt.
1242 681 1292 749 Et
1319 675 1408 776 apud
1436 675 1657 750 Mutinenses
1684 676 1796 751 adhuc
1823 673 1860 753 id

1100 805 1227 852 nomen
1257 783 1353 851 levat
1380 777 1504 864 Villa,
1530 803 1620 875 quae
1646 779 1735 852 olim
1764 785 1862 852 Mosa

1099 889 1330 977 Papazzonum
1364 877 1410 953 ell
1445 876 1560 952 dieta.
1598 879 1654 953 lta
1690 882 1864 956 Rolandi-

1099 1009 1164 1055 nus
1201 983 1283 1057 Lib.
1311 1006 1345 1080 3.
1373 986 1462 1081 Cap.
1489 981 1523 1054 6.
1552 980 1683 1056 Histoe.
1717 985 1864 1070 Castrum

1101 1104 1301 1176 memorat,
1337 1084 1409 1168 sive
1448 1088 1592 1155 Moeram
1631 1087 1671 1154 de
1710 1088 1864 1162 Auoaie.

1101 1186 1275 1262 Mufl'atus
1307 1189 1392 1260 Lib.
1418 1189 1453 1260 6.
1483 1184 1626 1258 Rubris.
1655 1208 1689 1282 3.
1716 1185 1759 1259 de
1784 1186 1866 1286 gest.

1103 1286 1254 1361 Henrici
1297 1292 1379 1361 Vll.
1421 1293 1547 1359 Mosam
1583 1285 1681 1378 juxta
1721 1292 1867 1360 Monuni

229 1384 461 1460 Castellorum
510 1407 608 1487 parte
649 1389 832 1464 aedificata
868 1389 992 1466 suilse.
1031 1385 1061 1455 B
1103 1393 1246 1460 Gardam
1280 1386 1379 1462 fuisse
1405 1387 1530 1463 refert.
1568 1393 1658 1462 Sunt
1690 1390 1725 1462 ἃ
1763 1387 1800 1462 in
1829 1417 1868 1464 a·

228 1490 384 1560 Muracae
397 1515 537 1587 quoque
556 1516 686 1565 nomen
702 1492 902 1566 adhibitum
924 1491 995 1567 suit

225 1587 269 1659 ad
296 1587 559 1688 significandum
587 1596 797 1668 circadalium
818 1593 883 1669 'seu
911 1593 990 1668 Fu-

225 1690 392 1780 siiicium,
429 1695 483 1767 uti
520 1695 662 1770 testatur
689 1696 843 1796 Epistola
873 1697 990 1771 Urba·

227 1791 268 1863 ni
297 1795 362 1864 Vl.
393 1792 473 1866 data
502 1800 611 1868 Anno
640 1802 992 1874 mccclxxvlu.

229 1894 339 1965 Tom.
369 1916 401 1966 2.
431 1897 510 1968 ltal.
538 1900 629 1970 Sacc.
657 1897 694 1970 in
720 1899 883 2000 Episcop.
904 1904 991 1975 Cae·

230 1991 339 2068 senat.
386 1995 552 2095 Ejusdem
595 2004 749 2073 Murciae
788 2000 994 2076 Caesenatis

231 2096 371 2170 mentio
398 2100 443 2171 ell
478 2099 517 2172 in
546 2101 716 2175 Annalib.
742 2099 995 2177 Caesenatibus

232 2199 355 2271 Tomo
399 2203 497 2273 xlv,
545 2205 623 2276 Rer.
666 2205 842 2290 Italicar.,
888 2230 996 2301 eaque

1102 1491 1165 1563 liis
1193 1490 1318 1564 ltaliae
1345 1491 1459 1578 locis,
1487 1492 1520 1562 bt
1550 1488 1734 1590 praecipue
1759 1493 1868 1566 Cala·

1104 1590 1229 1682 briae,
1260 1591 1431 1690 ejusmodi
1468 1597 1597 1664 Monac
1631 1590 1701 1666 live
1727 1599 1868 1678 Motae,

1104 1696 1249 1792 antiqua
1280 1694 1420 1792 aliquot
1450 1694 1693 1768 munitionum
1721 1692 1868 1794 velligia

1106 1798 1309 1894 prodentes.
1346 1800 1469 1893 Atque
1504 1797 1542 1869 in
1571 1796 1774 1872 Annalibus
1803 1801 1870 1873 Pr-

1105 1896 1239 1971 tavinis
1266 1895 1371 1971 editis
1398 1900 1519 1972 Tomo
1546 1901 1649 1971 Vlll.
1678 1927 1755 1999 pag.
1781 1923 1870 1996 433.

1110 2003 1187 2070 Rer.
1216 1999 1370 2070 Italicar.
1398 1998 1439 2071 ad
1466 2003 1612 2070 Annum
1640 2002 1868 2077 MCCCXX.
1984 2009 1986 2012 ’

1108 2097 1260 2195 legitur:
1290 2103 1424 2169 iverunt
1444 2102 1566 2191 summo
1591 2127 1682 2170 manc
1704 2101 1873 2195 perviam

1108 2199 1219 2271 Pousis
1255 2200 1357 2269 Corvi
1389 2204 1501 2270 versis
1541 2202 1709 2294 quamdam
1747 2206 1874 2272 Moram

232 2296 397 2390 Callistum
423 2304 622 2400 appellatur
647 2303 684 2376 in
711 2305 882 2378 Annalib.
912 2305 994 2378 Ari·
1033 2293 1066 2371 C
1109 2326 1283 2397 magnam,
1309 2326 1404 2394 quam
1425 2299 1569 2391 faciebat
1589 2303 1691 2391 facere
1717 2303 1874 2374 Dominus
1931 2389 1936 2395 Ι

232 2401 381 2475 minens.
410 2405 531 2477 Tumo
570 2409 648 2478 XV.
677 2407 876 2480 earumdem
918 2410 995 2479 Rer.

232 2503 461 2578 Italicarum.
490 2509 615 2576 Rocbac
641 2526 758 2581 autem
786 2508 995 2581 vocabulum

1109 2403 1211 2474 Canis
1236 2428 1304 2473 cum
1330 2404 1441 2472 multis
1462 2403 1549 2495 Joffis
1575 2401 1623 2483 ἐφ’
1649 2400 1787 2489 sciatis,
1813 2431 1875 2476 vo·

1110 2505 1202 2574 leudo
1232 2503 1348 2575 ibidem
1378 2505 1474 2600 super
1507 2503 1630 2576 dissum
1666 2509 1794 2580 Moram
1820 2533 1876 2579 ae·

232 2604 277 2675 ab
314 2603 416 2679 Italis
453 2604 651 2681 inllitutum
691 2607 867 2703 suspicor,
903 2609 996 2708 qubd
1111 2603 1243 2694 dificarc
1277 2603 1442 2690 Castrum.
1478 2609 1532 2678 En
1570 2606 1655 2702 quid
1692 2607 1808 2706 reapse
1834 2635 1876 2681 o-

235 2705 415 2804 pletasque
456 2707 605 2783 Accium
649 2710 686 2783 in
730 2711 922 2808 Rupibus,
962 2712 1029 2810 u,
1111 2706 1176 2779 lim
1206 2704 1338 2778 suerint
1375 2712 1508 2788 Mutae,
1545 2704 1596 2778 sat
1632 2707 1788 2783 dilucide
1814 2736 1877 2784 ex·

236 2804 382 2878 summis
423 2806 574 2906 scopulis
610 2811 872 2894 construerent,
912 2839 997 2909 quas
1112 2808 1303 2907 plicatum.
1332 2805 1507 2882 Erant&
1535 2810 1667 2879 Giroues
1692 2808 1749 2885 seu
1776 2813 1878 2884 Zicc-

238 2907 355 3003 Rupes
383 2909 495 2979 Roccic
521 2914 793 3009 nuncupabant.
831 2918 864 2984 A
896 2915 998 2986 nobis
1113 2936 1165 2979 nes
1201 2906 1239 2980 in
1275 2905 1439 2982 castellis
1476 2907 1514 2982 &
1542 2911 1718 2995 Artibus,
1755 2913 1876 3007 muri,

227 3005 364 3079 >deinde
392 3034 514 3082 vocem
543 3011 663 3092 Galli,
690 3014 852 3113 aliaeque
879 3033 999 3113 gentes
1114 3027 1155 3082 ut
1189 3008 1338 3104 opinor,
1378 3010 1476 3084 dubii
1520 3009 1651 3083 circum
1690 3013 1878 3089 interiores

235 3129 473 3201 acceperunt,
511 3110 575 3184 nili
603 3139 666 3187 nos
702 3117 745 3188 ab
782 3116 833 3190 eis
862 3114 998 3212 accepi·
1083 3189 1085 3195 ,
1114 3112 1239 3183 domos
1265 3112 1467 3185 eorumdem
1493 3107 1727 3186 Castellorum
1749 3112 1787 3188 ἃ
1807 3119 1881 3190 At·

234 3234 341 3306 mus.
379 3212 542 3311 Reperies
571 3238 705 3314 praeter
740 3216 799 3291 isla
835 3216 873 3290 in
903 3237 997 3291 vete·
1039 3210 1085 3283 D‘
1115 3213 1232 3287 cium.
1259 3212 1434 3301 Iohannes
1460 3215 1503 3287 de
1530 3215 1672 3289 Bazano
1699 3216 1736 3289 in
1757 3214 1880 3292 Chro-

237 3337 313 3386 rum
353 3317 593 3389 monumentis
631 3322 773 3394 Musas.
814 3325 1000 3392 Somnerus
1083 3291 1199 3435 lniro
1235 3313 1431 3387 Mutinensi
1470 3314 1511 3387 ad
1539 3320 1685 3389 Annum
1714 3322 1879 3394 MCCC·

237 3412 277 3487 in
304 3417 450 3488 Glossar.
479 3419 521 3489 ad
550 3418 718 3512 Scriptor.
743 3420 890 3520 Anglic.
917 3420 1001 3493 haec
1119 3419 1251 3486 xxxi.
1271 3414 1369 3488 edito
1396 3416 1433 3489 in
1455 3442 1531 3488 mea
1551 3417 1777 3490 Collebiione
1798 3425 1880 3494 Rer.

238 3515 369 3588 habet:
408 3522 525 3599 Muta,
563 3517 683 3611 Fvffa,
721 3518 910 3612 Foffasum,
944 3546 1004 3615 qua

1117 3517 1273 3591 Italicar.
1301 3515 1446 3612 inquit:
1478 3515 1575 3586 Dic‘lo
1601 3538 1735 3605 tempore
1759 3518 1882 3608 {assum

239 3616 407 3702 Castrum,
433 3639 491 3686 aut
517 3620 610 3688 aliud
645 3620 913 3711 propugnaculum
937 3646 1005 3688 cin·

1113 3616 1182 3702 {uic
1207 3616 1360 3683 Ciconum
1387 3616 1421 3684 iu
1440 3615 1550 3700 Calirc
1567 3618 1708 3692 Maroni
1723 3623 1764 3692 dc
1783 3626 1882 3693 Cam-

236 3720 329 3814 gitur
346 3717 397 3786 Θ·
420 3719 582 3791 munitur.
605 3725 650 3789 A
671 3719 774 3789 Moci?
793 3718 898 3808 force,
924 3720 1007 3813 quod
1114 3714 1221 3810 pilio.
1260 3712 1415 3786 Nicolao
1442 3717 1593 3812 Speciali
1621 3719 1704 3793 Lib.
1733 3745 1766 3795 2.
1792 3727 1882 3824 Cap.

242 3819 350 3890 Gallis
377 3819 551 3900 humidus,
588 3822 758 3891 madidus.
797 3824 1005 3892 Somnerum
1123 3838 1181 3889 12.
1217 3812 1348 3888 Histor.
1387 3816 1548 3908 Siculae,
1584 3844 1884 3900 commemoratur

242 3919 393 3995 minime
430 3921 630 3995 collineasse
666 3939 776 4016 puto.
813 3925 947 4003 Motae,
983 3918 1007 3993 sr
1118 3917 1264 4004 Castrum
1300 3919 1418 4006 llclae,
1453 3924 1535 4015 quod
1563 3919 1719 3992 Gironum
1743 3945 1885 3998 uocans.

159 4039 168 4053 ’
241 4020 448 4103 meracis,
485 4044 584 4096 crant
610 4024 747 4113 colles,
783 4022 925 4096 editave
953 4025 1007 4096 lo·
1117 4022 1255 4092 Contra
1282 4021 1455 4092 Moranus
1482 4018 1520 4093 in
1547 4017 1735 4096 Chronico
1764 4023 1885 4100 Muti-

217 4142 284 4197 ‘ca
312 4123 351 4196 in
388 4121 564 4210 planitie,
600 4142 673 4196 arte
701 4150 740 4197 ac
767 4150 873 4197 manu
911 4150 1009 4222 para·
1046 4147 1092 4217 Ε,
1117 4117 1211 4194 ntnfi
1237 4122 1359 4194 Tomo
1389 4123 1450 4194 x1.
1491 4125 1570 4195 Rer.
1607 4125 1811 4200 Italicarum
1841 4127 1886 4203 acl

239 4243 301 4309 ta,
340 4222 453 4305 sossi,
494 4224 616 4309 vallo,
651 4249 689 4297 ac
728 4225 816 4296 turri
845 4228 1010 4307 munita,
1118 4226 1267 4294 Annum
1312 4224 1539 4296 MCCCXX.
1585 4223 1670 4298 baec
1722 4228 1882 4302 scribit:

1118 4319 1304 4413 Paffarinus
1330 4325 1449 4414 peticus
1471 4325 1574 4419 Carpi
1598 4326 1729 4416 Castro,
1750 4328 1886 4423 sortiffi·

1119 4447 1202 4493 mam
1228 4442 1302 4492 runc
1327 4426 1457 4496 Tuccius
1495 4426 1590 4496 illam
1624 4428 1754 4515 posuit,
1790 4457 1886 4521 quam

240 4330 461 4427 reliquorum
484 4320 687 4399 Castrorum
710 4323 753 4396 ad
782 4324 906 4398 iollae.
935 4333 1009 4397 Mn

153 4426 155 4429 ⁸
240 4454 277 4506 sa
316 4431 397 4504 ideo
435 4429 619 4501 vocitatus
656 4425 687 4502 is
725 4428 883 4499 tumulus
920 4426 1011 4500 mibi

245 4531 421 4614 creditur,
461 4529 556 4628 qubd
600 4550 691 4602 terra
734 4545 833 4602 mota
875 4524 1015 4618 suisset,
1117 4526 1274 4596 Zironum
1316 4525 1457 4601 diacre.
1501 4524 1692 4602 Castellum
1739 4530 1887 4607 Sanbiae

245 4653 287 4710 ut
313 4635 349 4708 in
377 4634 506 4707 collem
536 4632 749 4732 assurgeret.
788 4655 859 4702 non
896 4647 1015 4700 autem
1118 4621 1260 4698 Mariae
1285 4623 1328 4698 ad
1357 4630 1552 4717 Mentem,
1590 4630 1644 4704 uti
1675 4629 1798 4704 scribit
1825 4636 1887 4721 Jo-

244 4741 410 4823 nMcca,
438 4735 491 4805 uti
520 4728 712 4828 Menagiuc
739 4729 786 4807 est
823 4730 1017 4830 opinatus.
1119 4723 1251 4799 bannes
1278 4728 1460 4803 Villanius
1497 4731 1582 4806 Lib.
1622 4755 1680 4807 10.
1707 4736 1796 4831 Cap.
1826 4738 1887 4810 28.

245 4841 369 4914 Plures
395 4836 432 4910 id
459 4859 568 4929 genus
607 4837 743 4917 Motae,
779 4861 866 4932 quas
903 4832 1016 4907 etiam
1119 4826 1306 4902 Historiar.
1332 4854 1387 4901 era
1411 4831 1610 4919 mascufum
1635 4835 1674 4902 ai
1699 4854 1747 4902 cre
1772 4835 1887 4910 Cicirri

244 4946 354 5014 Maece
389 4961 452 5007 nor
488 4934 663 5008 idiomate
704 4934 820 5015 nostro
860 4937 1018 5032 appella·
1118 4933 1156 5001 di
1182 4956 1272 5003 mura
1297 4956 1351 5000 con
1378 4933 1413 5003 la
1438 4936 1565 5004 Rocca.
1602 4935 1816 5034 Expugnato
1843 4966 1886 5015 u·

245 5069 352 5132 mur,
398 5034 511 5113 adbuc
558 5034 596 5111 in
636 5034 844 5113 Britanniae
880 5034 1019 5137 Regnis
1119 5058 1167 5106 no
1193 5031 1329 5206 Girppe
1356 5032 1399 5106 ab
1425 5030 1606 5128 bollibus,
1644 5060 1884 5140 propugnato·

1343 5157 1366 5208 ²
1441 5157 1446 5164 “
1773 5168 1827 5218 res
