4214 6014
289 340 372 420 261
603 304 991 412 DissuttYArto'
1018 315 1516 410 mutuaturum
1729 337 1816 417 262

228 453 278 516 On
316 457 363 517 les
397 439 548 541 appelloit
574 437 651 538 (ita
687 440 753 516 ille
789 440 867 540 ait)
905 440 994 513 Vire-
1038 439 1072 514 A
1104 436 1246 514 tautum
1274 438 1381 515 Italia
1406 435 1548 514 fortafl'e
1575 448 1657 514 ante
1683 443 1882 517 Gallorum

230 567 328 638 tans,
350 569 444 641 parce
467 541 573 641 qu'iss
598 543 761 631 viroient,
788 542 813 615 ι’
826 543 871 632 cli
895 547 918 616 ὸ
942 544 995 615 di·

230 673 291 738 re,
326 643 378 744 pu’
392 646 436 718 ils
468 645 647 717 tcumoient
681 671 720 716 en
747 643 772 714 i’
785 645 838 718 air
869 667 931 737 par
966 646 997 715 ie

229 774 337 844 moyen
361 755 417 819 des
440 747 602 834 aiicrons,
628 771 667 815 ou
691 767 829 841 pernes,
855 773 894 818 ou
917 771 996 844 perr·

229 875 332 928 nona.
367 849 470 922 Male
497 844 683 919 consutum
716 846 783 919 boc
809 852 993 942 Etymon:

226 946 281 1026 ita
307 947 406 1025 enim
433 947 682 1046 quodcumque
702 947 916 1048 Sagittarum
935 976 996 1050 ge-

226 1074 295 1126 nus
337 1057 501 1122 chrone
540 1049 756 1146 appellatum
794 1047 939 1124 suisset:
977 1077 997 1125 a

167 1160 174 1168 '
226 1177 304 1250 quo
330 1168 450 1223 tamen
477 1147 670 1223 abslioucrc
698 1168 853 1240 veteres,
890 1178 995 1225 unam

228 1250 482 1326 tantummodo
506 1247 720 1350 Sagittarum
749 1250 900 1351 speciem
929 1252 996 1326 hoc

1105 541 1299 614 adventum
1328 541 1515 615 utebatur.
1551 538 1650 614 Ensrs
1686 562 1805 616 autem
1842 569 1883 622 ur

1106 642 1263 742 triusquc
1285 642 1452 718 meminit
1473 641 1643 741 Vegetius
1664 643 1747 719 Lib.
1770 642 1881 741 prim.
2007 709 2010 717 .

1105 740 1198 843 Cap.
1231 768 1287 818 ta.
1315 762 1353 817 at
1379 746 1568 842 pungentis
1602 742 1658 819 seu
1696 743 1882 846 perforan-

1105 845 1153 920 tis
1181 845 1278 920 usum
1319 845 1488 946 praetulit
1524 843 1711 919 caedenti.
1746 848 1881 921 Gallo·

1106 974 1185 1021 rum
1225 951 1310 1022 verb
1349 949 1385 1021 dc
1425 946 1742 1046 Langobardorum
1785 950 1878 1022 olim

1106 1047 1178 1123 suit
1213 1050 1268 1124 uti
1303 1049 1466 1141 spathis,
1504 1067 1544 1122 ut
1580 1047 1757 1149 aiebantg
1794 1049 1879 1124 latis

1107 1175 1256 1249 nempe,
1283 1170 1388 1248 atque
1408 1149 1450 1222 ad
1479 1147 1717 1230 caedendum,
1743 1167 1785 1224 ut
1806 1175 1882 1224 crc-

1108 1250 1228 1333 ditur,
1269 1276 1340 1325 non
1385 1251 1428 1325 ad
1471 1249 1721 1351 perforandum
1762 1248 1879 1348 aptis·

229 1355 379 1427 nomine
404 1351 597 1428 donantes.
624 1353 763 1426 Deinde
791 1355 883 1427 Vim
906 1358 994 1428 Gal·
1045 1347 1243 1426 B'Vecitm
1270 1379 1314 1426 nc
1341 1370 1426 1427 tunc
1453 1347 1598 1452 quidem
1628 1349 1762 1426 insueti
1790 1355 1880 1425 Gla·

227 1452 275 1528 lis
310 1452 403 1528 idem
438 1451 486 1527 est
519 1479 560 1527 ac
595 1454 699 1529 nobis
734 1456 892 1544 σίκυος
925 1455 994 1530 hoc

217 1571 346 1636 ‚autent
379 1580 454 1629 non
488 1553 571 1629 satis
609 1553 750 1674 proprie
774 1556 818 1630 de
844 1556 993 1658 Sagittis

226 1653 383 1738 dicitur,
409 1681 556 1828 guarum
585 1683 639 1731 urs
672 1655 734 1731 lita
771 1657 809 1732 in
846 1684 888 1733 eo
923 1658 993 1750 ell,

229 1774 271 1831 ut
297 1755 393 1830 redii
434 1756 570 1830 eriant:
601 1783 713 1853 neque
740 1784 858 1833 earum
885 1759 933 1834 eli
952 1759 992 1835 in

228 1882 355 1956 gyrum
396 1853 517 1929 flaui.
560 1861 601 1930 ln
644 1856 828 1934 Chronico
864 1861 993 1936 Pisano

225 1960 350 2033 Tomo
378 1960 476 2051 xlv.
506 1962 585 2032 Rer.
622 1959 776 2034 Italicar.
813 1964 992 2059 appellan-

225 2074 286 2134 tur
311 2060 514 2130 Gucrrettoni
523 2108 534 2139 ,
561 2063 597 2133 dt
634 2063 677 2133 ab
712 2059 794 2135 aliis
822 2066 994 2134 Wcrrctto-

228 2183 311 2232 nes:
345 2185 435 2256 quae
470 2157 703 2260 suspicionem
740 2158 903 2246 faciunt,
930 2190 995 2237 uo-

228 2285 305 2335 cem
334 2260 424 2335 hanc
460 2262 527 2336 elle
561 2261 714 2363 originis
739 2262 995 2339 Germanicae.
1034 2269 1068 2343 C
1103 2282 1195 2351 natos
1220 2263 1349 2334 circulos
1375 2263 1542 2334 loricarum
1568 2262 1767 2338 metiuntur.
1804 2265 1874 2336 Er·
2007 2259 2011 2269 ’

279 2365 387 2437 Nunc
422 2379 540 2438 autem
578 2363 742 2464 srngulari
772 2362 995 2440 animadver-

227 2460 324 2538 sione
349 2464 498 2562 dignum
525 2465 592 2548 est,
620 2464 715 2565 quod
742 2470 865 2542 frater
885 2472 995 2542 Fran·

226 2561 340 2640 riscus
380 2566 528 2666 Pipinus
563 2567 602 2641 in
637 2565 810 2643 chronic.
846 2568 930 2643 Lib.
958 2593 993 2667 3.

225 2667 316 2764 Cap.
350 2690 413 2766 43.
449 2671 571 2743 Tomo
612 2671 675 2743 tx.
713 2672 793 2742 Rer.
837 2670 994 2745 italicar.

225 2768 421 2840 memoriae
457 2767 636 2864 prodidit,
672 2767 851 2844 scribens:
890 2779 994 2846 Anao

225 2866 363 2942 Domini
381 2871 478 2940 MCC
481 2874 599 2942 LXVI.
613 2871 720 2941 italici
733 2872 870 2964 exemplo
884 2877 993 2944 Fran·

224 2993 330 3042 corum
355 2965 370 3064 (
386 2965 447 3063 qui
484 2995 527 3043 co
565 2987 725 3069 ternpore
762 2969 873 3066 potiti
913 2970 995 3047 sunt

227 3073 358 3189 Regno
391 3071 549 3164 Apuliae
584 3091 691 3170 atque
727 3069 899 3170 Siciliae)
927 3079 993 3145 Pa·

1106 1453 1161 1528 dii
1187 1453 1341 1555 cuspidis
1368 1472 1512 1528 acutae.
1538 1452 1705 1530 Sidonius
1732 1453 1820 1529 Lib.
1841 1474 1879 1550 3.

1106 1554 1253 1654 Epillol.
1282 1581 1316 1653 3.
1343 1554 1387 1629 ad
1414 1552 1625 1644 Ecdicium,
1654 1555 1730 1628 c'us
1758 1552 1877 1629 rislo·

1105 1655 1194 1732 riam
1222 1656 1264 1729 de
1291 1655 1424 1731 Gothis
1454 1655 1634 1754 reserens,
1670 1583 1754 1730 iaec
1790 1654 1878 1730 scri·

1104 1757 1181 1832 bit:
1218 1758 1301 1832 Alii
1325 1760 1539 1832 hebetatorum
1564 1761 1657 1834 caede
1683 1758 1877 1831 Gladiomm

1102 1858 1207 1932 tama
1230 1862 1367 1933 dentata
1389 1882 1638 1958 pernumerant.
1665 1859 1763 1961 Ergo
1783 1857 1874 1935 Gla·

1103 1957 1173 2033 diis
1200 1985 1244 2034 ex
1271 1980 1444 2058 utroque,
1481 1981 1542 2036 aut
1575 1961 1698 2036 saltem
1726 1988 1771 2035 ex
1799 1987 1873 2037 uno

1105 2061 1214 2134 latere
1241 2061 1480 2135 acutiaGalli
1521 2064 1747 2160 pugnabant.
1784 2063 1874 2135 Sub-

1103 2159 1179 2234 dit:
1207 2160 1289 2235 Alii
1313 2160 1422 2246 caesim
1448 2183 1543 2257 atque
1564 2160 1715 2257 puniiim
1735 2161 1874 2252 forami·

1102 2361 1873 2562 llll,tillilll‘nAlAti

1100 2591 1158 2640 cas
1177 2564 1369 2641 feriebant.
1395 2567 1612 2642 Guilielmus
1629 2568 1769 2666 Apulus
1785 2566 1869 2642 Lib.

1102 2689 1135 2741 2.
1161 2666 1206 2741 de
1245 2671 1441 2740 Normann.
1479 2673 1611 2742 Suevos
1647 2665 1687 2741 in
1724 2668 1870 2741 ltaliam

1100 2766 1269 2842 adduiioc
1296 2794 1315 2842 a
1344 2766 1473 2842 Saailo
1510 2772 1634 2844 Leone
1672 2770 1765 2866 Papa
1805 2771 1870 2846 1x.

1099 2871 1210 2943 Anno
1236 2866 1370 2945 Christi
1397 2872 1544 2944 MLIII.
1572 2868 1735 2943 adversus
1771 2871 1869 2944 Nor·

1100 2994 1247 3043 mannos
1288 2967 1521 3058 describens,
1564 2971 1744 3069 postquam
1786 2969 1869 3065 ait,

1099 3069 1184 3145 illoc
1211 3070 1333 3145 sancet
1358 3096 1431 3146 non
1457 3071 1613 3146 mtdtbm
1640 3069 1799 3145 viriliter
1825 3095 1868 3145 u·

220 3170 375 3269 giambus
400 3172 453 3243 uri
476 3195 662 3265 coeperunt,
697 3170 843 3260 uastius
878 3174 992 3268 obsole-
1033 3160 1067 3232 D
1098 3173 1153 3268 ti,
1178 3169 1320 3248 subdit:
1476 3209 1479 3215 ¹

223 3273 289 3346 ris.
326 3269 464 3355 Mirum
492 3274 678 3356 videatur,
714 3293 801 3348 tunc
828 3273 994 3375 antiqua·

225 3391 283 3448 toa
309 3369 411 3447 fuisso
436 3375 609 3463 Gladios,
644 3370 682 3449 ἃ
720 3372 758 3448 ἰη
792 3373 992 3451 desuetudi-

221 3498 305 3549 nem
347 3472 455 3548 Enses
494 3477 649 3550 abiilsc.
693 3477 795 3548 Male
834 3475 993 3573 proseilb

223 3572 371 3648 ccffisset
386 3572 463 3646 solo
478 3575 637 3672 Pugione
651 3573 892 3671 pugnantibus
908 3598 993 3647 ron·
1061 3622 1064 3626 ι

225 3691 282 3748 tra
308 3671 400 3747 Ense
425 3695 599 3747 armatos.
635 3672 741 3747 Adde
766 3671 885 3748 teslcm
913 3672 992 3748 ubi-

223 3799 294 3874 que
333 3773 557 3863 Historiam,
597 3772 739 3848 Enfium
777 3772 877 3849 usum
914 3793 991 3850 tum

223 3873 316 3972 apud
354 3877 487 3962 Italos,
525 3892 609 3962 tum,
638 3878 729 3977 apud
756 3877 883 3950 Gallos
920 3877 993 3975 poll

224 3974 290 4052 illa
315 3976 426 4050 ctiam
453 3995 613 4075 tempora
640 3975 886 4074 perseverasse.
917 3981 990 4052 Ita·

1150 3415 1383 3434 ······
1409 3364 1592 3450 Prominet
1619 3375 1719 3459 Ensis
1727 3403 1750 3462 ,·

1149 3479 1236 3547 Sunt
1260 3477 1376 3597 crenipa
1400 3476 1493 3573 longi
1520 3476 1704 3573 specialiter
1728 3472 1775 3545 0⁹
1807 3495 1868 3569 pc·

1151 3598 1464 3766 tttuniiwdiadit.
1500 3673 1678 3774 Pcrcaffum
1701 3704 1725 3751 a
1749 3676 1868 3754 waic
1958 3669 1961 3672 Α

1147 3797 1412 3976 dcindiiipsuicpc
1432 3877 1553 3971 [deur.
1584 3883 1635 3953 Et
1654 3873 1754 3972 fimo
1771 3877 1865 3966 stant

1298 3981 1399 4075 pede,
1424 3978 1589 4077 postqum

222 4101 291 4175 que
327 4077 367 4152 in
402 4101 479 4152 cam
517 4077 754 4176 conjcbiuram
790 4076 989 4162 descendo,
1029 4057 1057 4127 Ε
1146 4080 1360 4178 Demeam
1398 4081 1507 4182 cquis.
1563 4081 1679 4155 Potior
1715 4081 1866 4156 certando

223 4180 407 4276 Pugionurn
432 4177 578 4253 nomine
614 4177 693 4252 heic
718 4175 888 4275 deignari
916 4205 989 4253 non

223 4279 433 4363 Gladiolos,
459 4304 547 4377 quos
566 4303 659 4354 nunc
683 4278 848 4376 Pugnali,
873 4281 987 4354 scilec-

222 4381 278 4471 ti‚
318 4381 432 4478 Degia
471 4383 719 4480 appellamus,
759 4376 815 4453 sed
857 4381 988 4475 cher,

223 4479 288 4582 qui
315 4503 420 4558 acuto
446 4481 589 4580 cuspide
614 4480 770 4573 sariunt,
806 4477 866 4557 seu
900 4507 988 4581 pun·

223 4598 314 4688 gunt
348 4610 445 4660 more
487 4585 691 4685 Pugimum.
732 4580 870 4668 rufium
905 4586 990 4658 verb

225 4684 465 4781 appellatione
500 4683 688 4783 significari
722 4685 884 4769 Gladios,
918 4681 990 4759 live

210 4785 390 4882 spathas.
429 4811 578 4884 quarum
614 4786 690 4862 acie
725 4786 884 4865 membra
909 4813 987 4864 cac·

220 4886 377 4972 duntur,
404 4905 633 4973 truncantur,
659 4888 695 4960 dt
715 4890 848 4965 multuo
873 4886 986 4964 adbuc

222 4987 270 5067 cli
297 4984 376 5064 usus
401 4985 439 5062 in
469 4986 629 5098 milicia.
662 4984 772 5092 Hisce
804 4985 988 5096 polittutis¹

323 5094 414 5171 Yon.
439 5094 481 5174 V.

1148 4202 1480 4380 Quth‘iiie’mga
1502 4286 1640 4356 vesunt.
1669 4284 1786 4380 Magia
1809 4281 1866 4356 boc

1246 4381 1325 4471 sunt
1350 4385 1464 4457 Mme
1488 4383 1626 4455 timendi
1637 4430 1651 4465 ,

1149 4482 1265 4575 ΜΝ
1288 4483 1367 4556 dum
1384 4484 1465 4580 lunt
1490 4483 1608 4587 quim
1615 4521 1799 4562 .....

1097 4681 1253 4785 Accipio
1291 4683 1372 4764 lreie
1410 4690 1547 4765 Gladios
1596 4712 1759 4789 primm
1797 4711 1864 4774 pro

1096 4784 1308 4862 babentibuc
1325 4794 1424 4860 uim
1444 4790 1533 4864 bene
1559 4791 1753 4867 secantem.
1782 4791 1872 4869 Hor·

1095 4887 1159 4966 diu
1194 4886 1332 4966 imitati
1370 4887 1538 4966 ridentur
1573 4893 1679 4966 Itali.
1716 4888 1781 4965 Sed
1807 4916 1864 4968 ro·

1093 5006 1227 5072 novata
1252 4989 1395 5095 tandem
1422 4989 1607 5099 videtura
1635 4991 1777 5094 Gallica
1805 5008 1861 5091 at·⁴

1190 5096 1322 5213 u
1735 5119 1809 5202 uu
