4214 6014
283 356 367 439 47⁹
560 318 1003 444 ANTIQUI.
1041 318 1294 413 Maon
1336 323 1537 417 ΑΕΗ

1719 328 1809 440 ᾏδό

222 437 297 538 ejus
333 440 412 515 filio
446 438 579 515 Carolo
619 439 806 516 succeliore
842 441 981 516 descen·
1023 447 1058 518 A
1105 445 1148 514 ab
1182 442 1278 526 illo,
1316 436 1387 541 quo
1423 465 1582 543 tempore
1619 449 1764 520 Senator
1792 443 1865 519 Ur·

131 633 135 640 Ι
223 542 308 617 dill'e
335 542 476 616 videtur
501 566 578 616 mos
605 544 827 643 appellandi,
855 563 894 617 ut
920 542 982 616 ad·

223 642 292 718 huc
318 642 385 723 fir.
412 642 451 717 in
479 646 603 745 Regno
635 646 875 744 Neapolitano
900 651 982 719 Car·

222 745 287 814 lini
311 742 464 844 ejusdem
493 743 655 846 ponderis
675 767 876 846 argenteos.
902 749 982 820 Au·

220 843 299 918 {ior
325 845 371 921 cst
397 846 496 945 supra
525 847 687 921 laudatus
715 854 894 948 Vergara‚
931 852 983 922 le·

221 947 258 1044 gi
302 946 340 1020 in
381 951 485 1021 Bulla
525 949 707 1023 Benedicti
750 954 810 1024 XI.
849 949 982 1048 (scribe

223 1051 345 1146 xli.)
390 1053 496 1121 Anno
540 1047 674 1125 Christi
719 1054 983 1126 MCCCXLII.

224 1156 298 1222 Una
325 1152 425 1224 Uatiae
450 1151 523 1221 auri
548 1161 593 1224 ad
617 1160 742 1247 pondus
777 1155 888 1248 Regni
920 1180 984 1222 va·

224 1252 269 1320 Ier
295 1257 382 1325 ultra
418 1259 555 1325 Direaeos
590 1276 724 1349 quatuor
748 1257 787 1324 de
813 1255 983 1326 Carlenr's.

1106 543 1159 615 bis
1185 562 1283 618 erat.
1319 547 1455 622 Similis
1484 555 1662 624 Nummus
1687 573 1708 621 a
1735 553 1780 620 V.
1806 547 1866 623 cl.

1108 647 1145 717 Ρ.
1174 645 1367 719 Dominico
1393 649 1488 721 Viva
1515 654 1590 723 Soc.
1618 648 1718 739 Jelu,
1754 644 1867 723 tradi·

1105 763 1166 820 tur
1190 765 1345 844 repertus
1380 746 1479 822 fuine
1515 751 1707 825 Beneventi
1744 750 1789 823 in·
1811 775 1868 822 ar·

1106 874 1170 926 ca,
1198 848 1259 920 ubi
1286 848 1471 923 conditum
1497 850 1543 923 est
1576 847 1868 952 Corpussandii

1108 948 1372 1022 Bartholomaei
1413 951 1613 1041 Apostoli,
1656 955 1738 1026 dum
1779 953 1867 1026 haec

1108 1053 1218 1122 Anno
1244 1047 1378 1123 Christi
1405 1056 1691 1126 MDcxcvul.
1719 1053 1867 1127 reserata

1107 1148 1178 1223 fuir
1204 1151 1246 1223 ab
1267 1151 1556 1227 Eminentilirmo
1577 1153 1771 1228 Vincentio
1790 1153 1867 1226 Ur-

1107 1247 1206 1335 sano,
1242 1251 1353 1349 postea
1393 1251 1454 1326 sub
1495 1257 1640 1328 nomine
1682 1253 1866 1328 Benedicti

224 1355 274 1425 Et
299 1353 336 1425 in
368 1352 602 1448 Inscriptione
641 1356 879 1452 Neapolitana
907 1359 984 1426 An·
1030 1353 1058 1423 B
1108 1354 1208 1423 Xlll.
1236 1356 1397 1426 Romano
1425 1354 1622 1431 Pontifice.
1661 1361 1791 1430 Verlam
1821 1359 1867 1432 li·

222 1478 272 1525 no
298 1457 558 1529 MCCCLXX.
585 1454 668 1527 haec
695 1455 820 1530 itidem
856 1457 986 1528 haben-

224 1571 313 1628 tur:
351 1561 399 1628 A
425 1583 485 1651 quo
519 1560 631 1652 recepit
664 1557 788 1628 Soulia
822 1556 986 1641 Restituta

224 1658 392 1729 Carolenor
417 1660 563 1730 ducentos
587 1656 774 1755 olluagr'nte
798 1675 949 1753 quatuor.

351 1859 487 1932 Carolus
522 1861 567 1931 ll.
592 1857 740 1950 Apuliae
765 1865 857 1932 Reae.

329 2059 384 2136 Iti
419 2059 542 2134 Iunilo
567 2058 703 2135 Carolo
730 2058 758 2133 1.
785 2064 879 2157 Rege
909 2062 986 2132 An·

354 2157 557 2236 no'christi
585 2165 882 2237 Mcctxxxv.
911 2160 986 2234 suc·

224 2263 325 2340 ceffit
343 2263 398 2339 in
428 2266 550 2361 Regno
578 2264 827 2364 ⁸Neapolitano
853 2265 987 2336 Carolus
1030 2249 1063 2322 C

226 2372 272 2442 ll.
299 2367 374 2465 ejus
401 2363 519 2454 filius,
546 2383 631 2438 tunc
658 2383 779 2438 tamen
802 2364 986 2464 captivus,

97 2522 100 2527 -
225 2467 287 2565 qui
317 2476 426 2541 Anno
454 2469 769 2541 Mchxxxtx.
808 2460 986 2541 Romah

226 2568 391 2644 Martino
419 2573 482 2644 IV.
509 2569 637 2642 corond
664 2568 775 2669 Regia
800 2567 987 2642 redimitus

224 2671 316 2760 luit,
343 2673 378 2744 δι
407 2668 573 2769 usquead
600 2674 748 2744 Annum
774 2671 985 2744 Mccctx.

223 2772 412 2873 regnavit.
458 2772 595 2844 Primus
634 2767 677 2841 ad
712 2794 792 2841 eum
829 2767 984 2866 lpeIlans

223 2878 402 2949 Nummus
437 2871 597 2943 eumdem
633 2867 742 2943 ferme
778 2886 903 2968 typum
930 2895 985 2946 re·

219 2973 319 3056 lert,
361 2999 401 3046 ac
442 2967 587 3071 percusti
623 2995 644 3043 a
677 2971 811 3045 Carolo
847 2970 876 3043 1.
910 2971 984 3070 ejus

225 3094 346 3176 patre,
372 3075 456 3149 dum
483 3071 704 3146 Senatorium
731 3071 839 3145 Urbis
858 3098 984 3147 munus

1105 1466 1196 1523 teras
1222 1456 1339 1543 SED,
1374 1452 1458 1527 idest
1484 1461 1643 1527 Secundus
1669 1485 1739 1529 non
1775 1459 1868 1557 legit

1106 1550 1229 1633 Viva,
1264 1551 1317 1625 ita
1352 1572 1392 1626 ut
1427 1555 1468 1628 ad
1496 1554 1667 1632 Carolum
1698 1559 1725 1630 I.
1753 1559 1865 1658 perti·

1105 1650 1215 1725 nuille
1243 1657 1420 1729 Nummus
1447 1658 1510 1729 ille
1538 1658 1699 1732 videatur

1157 1755 1332 1827 Secundus
1362 1760 1538 1831 Nummus
1560 1779 1744 1857 argenteus
1771 1758 1867 1836 fimi-

1106 1851 1152 1925 lis
1187 1853 1234 1927 est
1270 1859 1430 1930 Nummo
1465 1860 1588 1933 Caroli
1616 1860 1643 1933 1.
1671 1887 1773 1959 quem
1804 1890 1866 1960 po·

1107 1953 1232 2027 stremo
1257 1955 1340 2029 loco
1375 1958 1503 2032 attuli.
1539 1960 1684 2035 Scilicet
1720 1968 1864 2039 Scotum

1107 2054 1235 2148 habet,
1262 2054 1300 2129 in
1327 2084 1398 2155 quo
1424 2059 1612 2136 exhibetur
1637 2062 1769 2164 insigne
1796 2071 1865 2141 Re·

1108 2157 1169 2254 gni
1185 2157 1578 2253 Hierosolymitani‚&
1599 2168 1738 2264 Regalis
1759 2175 1867 2240 Fran·

1108 2257 1203 2330 cicae
1229 2261 1422 2342 Familiae,
1447 2289 1525 2336 cum
1547 2265 1659 2339 literis
1679 2271 1746 2342 ΚΑ
1756 2274 1866 2346 ROL.

1107 2362 1208 2432 SED.
1236 2363 1364 2436 IERL.
1400 2365 1467 2435 ET
1502 2369 1629 2441 SICIL
1668 2372 1788 2443 REX.
1828 2377 1868 2445 ln

1108 2458 1235 2557 postica
1271 2462 1415 2537 Gabriel
1444 2463 1684 2573 Archangelus
1720 2474 1868 2548 nuntius

1106 2562 1148 2632 ad
1177 2561 1364 2661 Virginem
1401 2563 1645 2641 sanetiffimrm
1673 2597 1752 2645 cum
1791 2574 1871 2670 epi·

1106 2659 1567 2841 ratrammo
1584 2672 1871 2871 tatia

1107 2861 1221 2962 gulari
1248 2863 1439 2939 devotione
1465 2868 1579 2942 animi
1605 2875 1872 2950 Annuntiatio·

1107 2989 1187 3036 nem
1230 2965 1391 3065 Virginis
1432 2969 1568 3058 coluit,
1609 2997 1649 3044 ac
1689 2972 1750 3048 sub
1792 2978 1869 3071 ejus

1106 3063 1252 3139 nomine
1277 3092 1406 3139 novam
1437 3069 1590 3167 Neapoli
1616 3072 1869 3154 cathedralem

227 3196 382 3281 gereret.
409 3178 452 3251 ln
478 3175 576 3273 cnjus
595 3172 713 3245 antica
732 3172 893 3245 mulieris
911 3171 983 3244 for·
1031 3168 1064 3237 D
1105 3164 1293 3235 Eccleham
1321 3165 1509 3242 condidit.

223 3306 321 3355 mam
357 3303 461 3353 cerno
497 3273 647 3349 sedentis
682 3272 720 3347 in
760 3270 874 3354 sella,
913 3271 983 3348 live

222 3382 324 3503 supra
359 3383 499 3467 leones,
535 3401 575 3451 ac
610 3373 773 3474 gestantis
808 3371 982 3474 sceptrum

222 3486 380 3558 liliatum
417 3479 585 3564 dexteri,
621 3474 749 3549 linistrl
783 3481 868 3550 vero
902 3477 982 3577 glo·

223 3586 308 3660 bum
337 3581 474 3657 telluris
501 3603 581 3650 cum
608 3574 747 3648 Cruce.
781 3577 982 3673 Epigraphe

221 3684 293 3760 ista⁴
307 3682 525 3757 circumstat:
555 3679 741 3753 CAROla.
761 3678 872 3756 SED,
898 3674 983 3748 idest

220 3789 408 3867 secundas,
450 3785 543 3854 DEI.
581 3781 698 3851 Gan.
737 3779 866 3850 IERL.
903 3779 981 3854 ΕΤ.

220 3891 360 3964 SICIL.
389 3888 496 3959 REX.
527 3886 565 3955 ln
594 3877 723 3976 postica
749 3881 848 3951 Crux
883 3878 984 3951 lilia·

222 4009 280 4068 ta,
295 3985 410 4099 qualis
431 3987 467 4057 in
490 3988 624 4080 Regum
646 3985 857 4053 Francorum
880 4005 983 4052 num·

1155 3264 1302 3339 Tertius
1333 3270 1508 3341 Nummus
1544 3295 1586 3342 ex
1624 3298 1701 3346 aere
1737 3276 1771 3347 ἃ
1808 3303 1869 3352 ar-

1105 3383 1213 3464 gento
1239 3363 1439 3457 conflatus,
1474 3390 1579 3468 caput
1604 3370 1708 3469 ipsius
1736 3374 1869 3455 Caroli

1107 3469 1153 3539 11.
1165 3466 1281 3566 „Regis
1308 3468 1478 3568 praefert,
1505 3475 1634 3544 corona
1655 3476 1789 3549 radiati
1808 3479 1869 3552 in·

1106 3565 1270 3662 fignitum
1299 3594 1379 3641 cum
1406 3570 1522 3643 literis
1547 3575 1735 3650 KAROL.
1764 3583 1868 3656 SED.

1108 3669 1234 3741 REX·
1268 3665 1311 3745 ln
1347 3667 1475 3766 postica
1511 3674 1636 3755 Crux.
1672 3679 1705 3747 ἃ
1743 3677 1868 3755 inscri-

1106 3765 1241 3861 ptionis
1275 3768 1502 3845 continuatio
1542 3776 1658 3849 IERL
1699 3780 1767 3849 ET
1806 3783 1870 3854 st·

1154 3970 1311 4061 Quartus
1333 3967 1442 4043 tertio
1465 3967 1590 4046 similis
1613 3972 1683 4065 en,
1709 3973 1765 4050 sed
1792 3975 1869 4054 for·

221 4087 292 4162 mis
312 4111 385 4182 ejus
410 4083 524 4155 Seeuli
551 4079 726 4152 occurrit.
752 4081 901 4152 Lemma
920 4082 982 4153 ad·
1032 4071 1059 4140 Ε
1104 4094 1181 4141 mae
1209 4067 1378 4144 minoris.

221 4190 338 4264 ditur:
370 4185 548 4258 HONOR
574 4183 712 4254 REGIS
740 4182 982 4255 IVDICIVM

221 4291 442 4367 DlLlGlT.
470 4282 549 4359 Cur
575 4290 659 4357 vero
685 4279 837 4358 Carolus
865 4279 912 4355 ΙΙ.
939 4279 980 4354 fi-

221 4419 343 4495 guram
372 4387 592 4467 adhibuerit,
620 4411 734 4482 quae,
769 4402 809 4457 ut
846 4382 1014 4480 praedi-2

220 4497 284 4578 xi,
322 4499 517 4568 Romanam
555 4486 693 4561 Urbem
730 4483 855 4559 referre
881 4483 979 4556 vlde·

220 4619 281 4675 tur
308 4594 455 4694 potius,
481 4592 585 4691 quim
617 4594 745 4687 Regem
774 4585 912 4685 ipsum,
939 4611 977 4658 u·

222 4704 254 4775 ri
276 4705 430 4794 Vergara
448 4695 638 4793 opinatur,
663 4690 824 4762 divinare
845 4685 979 4759 nescio.

221 4797 387 4877 Fortaffis
427 4797 462 4870 id
504 4793 633 4868 lodium
676 4794 713 4866 el
759 4791 896 4863 tantiam
939 4787 981 4859 de

223 4902 379 4993 caused,
421 4898 514 5001 quod
560 4897 666 4994 patris
710 4891 860 4964 Nummi
903 4914 977 4959 eam

222 5005 415 5102 praetulere
452 5003 641 5104 figurams.
669 4988 814 5095 perculsa
855 5014 981 5088 nempe

1154 4168 1334 4262 Quindius
1360 4197 1404 4244 ex
1431 4176 1560 4248 aere&
1582 4195 1725 4277 argento
1748 4181 1870 4255 Num·

1105 4297 1181 4345 mus
1217 4271 1370 4371 effigiem
1406 4275 1551 4350 exhibet
1589 4277 1692 4376 ipsius
1730 4284 1868 4378 Regis,

1105 4372 1257 4471 pallium·
1276 4373 1470 4546 gestantis.
1505 4374 1541 4449 in
1570 4402 1641 4473 quo
1667 4376 1735 4451 tria
1763 4383 1867 4458 Lilia

1104 4502 1183 4547 cum
1223 4480 1272 4546 Ra
1303 4501 1372 4562 ro,
1407 4478 1440 4548 ἃ
1477 4475 1591 4548 literis
1628 4482 1672 4550 Κ.
1710 4484 1740 4552 S.
1779 4481 1868 4557 idest

1104 4580 1243 4649 Karolres
1266 4583 1424 4649 Secundus
1446 4578 1568 4652 IERL.
1593 4582 1731 4654 SlClL.
1755 4587 1867 4660 Rfix.
1937 4603 1940 4607 ’

1104 4680 1236 4755 Aversa
1274 4701 1349 4773 pars
1375 4672 1529 4749 Crucem
1569 4679 1607 4752 in
1643 4708 1720 4754 area
1758 4683 1867 4760 habet

1102 4782 1134 4851 8<
1163 4775 1373 4875 epigraphen
1409 4781 1554 4856 COME
1581 4780 1691 4880 (idest
1724 4787 1866 4888 Comes)

1106 4881 1402 4955 Paovrtucffi.
1493 4905 1503 4916 ·

1739 5092 1810 5160 Re·
