4214 6014
197 367 292 466 ης
513 347 884 438 nrasanramo
944 321 1406 437 mantuanam
1422 405 1434 438 .
1449 420 1463 440 .,
1662 388 1747 473 ,94

143 483 188 543 ut
214 494 336 546 omnes
364 485 515 553 norunt,
547 471 642 569 quod
670 470 787 546 Gallis
815 477 913 561 Crat,
954 474 991 545 A
1029 468 1113 561 pho.
1144 465 1267 543 Nostra
1294 472 1380 543 verb
1408 492 1489 546 ron·
1508 472 1672 572 Rampino
1693 503 1712 548 a
1730 480 1804 553 La.

141 567 296 647 ierreum
324 569 494 646 videlicet
521 569 814 658 instrumentum,
846 602 912 650 uu·

146 672 200 747 cia
226 673 382 794 pluribus
409 673 596 767 constans,
634 680 733 779 cujus
769 688 845 753 erat
872 707 913 753 u·

144 774 200 851 lus
224 801 262 850 au
290 779 430 853 tuendis
455 776 667 869 moenibus,
693 783 775 856 dum
806 781 912 855 hostis

142 877 316 975 impetum
345 878 497 956 iaceret.
527 888 735 977 Harpagones
760 884 912 958 Latino—

140 1006 219 1056 rum
248 1003 310 1057 aut
337 982 447 1056 iidem
477 1001 539 1057 aut
566 1010 687 1084 parurn
708 989 750 1060 ab
777 987 823 1060 iis
842 984 913 1059 dii·

139 1078 273 1158 ssmiles
301 1082 417 1158 fuere.
447 1088 488 1157 ln
515 1083 696 1162 ascendere
724 1091 914 1169 volentes,

140 1205 204 1261 aut
232 1186 342 1260 ariete
372 1212 510 1260 murum
539 1191 754 1275 lacerantes,
782 1191 913 1266 demit·

141 1291 311 1362 tebantur
347 1287 496 1380 Graffia‚
533 1288 572 1365 dt
609 1291 633 1363 fi
670 1320 776 1393 quem
814 1293 914 1368 uncia

1033 574 1112 646 tino
1152 577 1344 669 Harpagrne
1380 567 1520 662 fluxit,
1557 576 1727 654 connato
1761 578 1803 653 iu

992 678 997 776 ζ
1032 674 1254 764 Rampicone,
1291 699 1398 773 quam
1425 701 1551 751 vocem
1587 678 1803 756 Boc'cacciue

1032 793 1231 864 memorat,
1267 780 1302 850 dr
1340 775 1514 851 inradiam
1542 779 1692 881 reliquit
1719 782 1804 859 Me·

1031 878 1177 979 uagina.
1211 882 1279 953 Pro
1306 879 1439 980 exiguo
1467 907 1559 955 unco
1590 881 1719 959 itidem
1746 885 1804 959 di·
1865 969 1868 975 ,

1031 1007 1115 1056 xere
1155 982 1350 1075 Rampicim
1375 1026 1395 1074 ,·
1431 984 1467 1056 δι
1513 983 1673 1061 breriard
1713 1014 1804 1064 voce

1031 1086 1216 1182 Rampino.
1245 1093 1369 1187 Atque
1395 1083 1461 1160 isto
1487 1085 1596 1161 etiam
1626 1091 1803 1166 vocabulo

1032 1186 1111 1262 usus
1131 1187 1177 1263 est
1194 1192 1288 1263 Otto
1314 1192 1466 1264 Murena
1493 1188 1533 1262 in
1552 1187 1687 1264 Histoe.
1706 1195 1804 1268 Lau·

1032 1289 1146 1365 densi.
1172 1296 1220 1366 Et
1247 1289 1399 1368 lortaliis
1416 1319 1461 1365 ex
1487 1290 1562 1392 ipsa
1584 1319 1670 1367 voce
1690 1300 1806 1386 map-

141 1385 406 1486 implicabant,
441 1393 479 1465 in
517 1393 668 1469 sublime
704 1396 820 1471 statim
858 1424 913 1470 ra·
957 1406 987 1477 Β
1029 1399 1122 1491 pelen
1149 1393 1270 1494 (idem
1299 1394 1383 1471 haec
1408 1394 1581 1493 estatque
1603 1401 1702 1486 Craep
1725 1398 1805 1471 An'·

140 1491 306 1591 piebant.
331 1496 512 1569 Habemus
537 1498 669 1572 Dionia
695 1500 806 1574 caffii
834 1526 913 1574 ver·
1032 1495 1191 1596 glicum,
1220 1497 1314 1595 quod
1342 1497 1423 1593 erip
1448 1497 1711 1598 pronuntiant)
1741 1514 1804 1574 aut
1910 1584 1916 1591 ,

142 1591 186 1668 ba
213 1594 250 1669 in
279 1597 398 1670 Severi
422 1598 530 1688 vita,
558 1601 738 1677 &Taciti
766 1603 805 1677 in
828 1602 910 1677 Lib.
1032 1625 1050 1671 e
1078 1599 1256 1673 Saxonico
1283 1600 1431 1691 θήραν,
1457 1599 1493 1674 dt
1520 1598 1710 1676 Cimbrico
1733 1607 1807 1675 Aa·

139 1721 176 1791 4
222 1697 408 1773 Historiar.
449 1727 539 1798 quae
571 1703 650 1778 ¹suia
690 1706 911 1807 temporibus
1031 1706 1142 1799 Grypa
1170 1703 1292 1801 (quas-
1324 1727 1428 1777 voces
1465 1702 1556 1800 apud
1594 1700 1804 1799 Hicbefium

140 1823 215 1873 nou
244 1801 408 1899 ignorum
447 1830 560 1902 neque
598 1805 778 1882 insuetum
812 1808 912 1883 luiffe
1029 1804 1199 1904 reperio)
1227 1800 1403 1903 profluxit
1437 1802 1608 1878 Italicum
1635 1810 1805 1901 &appan

142 1898 317 2000 ejusmodi
345 1901 613 1982 instrumentum
636 1909 805 1984 bellicum
832 1937 912 2009 pro·
1031 1903 1070 1981 ἂ
1096 1907 1353 2005 Aggrappzn‘L‘
1377 1908 1581 2002 Aggraffiare
1606 1908 1641 1980 δι
1669 1915 1806 2005 Arrap-

141 2000 252 2077 dunt.
280 2003 375 2079 Vide
402 2008 561 2105 Lipfium
591 2011 675 2086 Lib.
705 2036 738 2107 5.
767 2016 855 2105 Cap.
878 2016 912 2088 8.
1027 2030 1128 2103 pare,
1162 2007 1229 2083 nib
1248 2030 1298 2083 'ea
1315 2011 1441 2093 unalia
1467 2009 1511 2080 ab
1537 2015 1703 2104 Adrapana
1730 2013 1804 2084 Lae

142 2107 337 2181 Poliorcet.
383 2111 538 2209 Ejulque
583 2113 682 2186 usum
725 2115 764 2186 in
809 2114 914 2187 ltalia
1024 2109 1140 2182 tino.
1167 2110 1207 2184 Id
1235 2110 1331 2184 enim
1360 2107 1465 2183 nobis
1491 2107 1691 2207 significat,
1714 2109 1804 2183 aruir

141 2206 348 2304 praesertim
393 2210 463 2308 poll
501 2216 664 2288 seculum
702 2219 747 2289 x.
783 2214 914 2314 reperi·
1023 2206 1181 2282 ‘manibus
1206 2211 1336 2306 aliquid
1358 2209 1527 2307 prensare,
1553 2212 1587 2282 dr
1612 2236 1736 2284 manua
1763 2209 1804 2286 iu

142 2334 245 2383 mus:
283 2337 389 2411 quam
420 2312 559 2389 iurem
599 2318 714 2390 multa
751 2318 913 2414 exempla
955 2319 989 2392 C
1030 2309 1174 2403 Gabii,
1211 2311 1268 2386 seu
1295 2313 1438 2404 Grappli
1473 2309 1624 2387 formam
1653 2327 1805 2387 conver·

141 2408 413 2511 suppeditantur
439 2418 482 2489 ab
511 2416 679 2495 Historiis
707 2448 726 2493 a
755 2448 811 2494 me
838 2420 914 2493 edi·
1029 2433 1124 2490 tere.
1152 2417 1206 2489 Ita
1233 2416 1488 2509 Arrampicare,
1516 2412 1611 2512 quali
1638 2413 1804 2511 emani·

141 2511 192 2588 tis
218 2516 257 2588 in
284 2513 516 2593 Cullediione
554 2525 633 2596 Rer.
672 2522 831 2597 Italicar.
862 2526 914 2594 U·
1031 2517 1094 2592 bua
1113 2520 1147 2590 δι
1170 2513 1316 2616 pedibue
1343 2513 1523 2614 Rampim
1552 2515 1804 2610 seuRaenpr'ca·

40 2674 43 2680 .
136 2641 231 2691 num
257 2617 305 2692 do
328 2623 574 2696 Gualvaneum
596 2624 638 2698 de
665 2627 700 2697 la
728 2629 913 2715 Flamma,
1030 2646 1084 2692 nes
1111 2620 1319 2698 efformare,
1338 2681 1342 2691 .
1361 2637 1406 2692 ut
1431 2618 1475 2691 *in
1502 2619 1650 2693 arduum
1678 2621 1803 2694 locum

140 2719 206 2816 qui
242 2722 331 2818 Cap.
373 2747 455 2820 143.
492 2725 671 2823 Manipul.
710 2730 807 2801 Flor.
834 2729 913 2800 To·
1029 2720 1272 2797 ascendaturs
1295 2718 1519 2819 Erunt.qui'
1538 2740 1688 2820 putent,
1715 2720 1801 2797 inde

139 2825 280 2894 moxi
305 2828 386 2896 Rer.
408 2826 565 2899 italicar.
586 2827 805 2901 oblidionem
827 2827 911 2902 Me·
1027 2825 1136 2898 etiam
1162 2819 1356 2897 conflatam
1383 2819 1534 2897 similem
1556 2848 1682 2898 votem
1710 2828 1803 2896 laer·

138 2920 384 2997 diolanensetn
415 2922 611 3000 describens
639 2957 658 3002 a
685 2927 856 3003 Conrado
885 2933 913 3003 Ι.
1025 2926 1261 3022 picare‚non
1288 2938 1484 3001 autemex'
1510 2933 1624 3016 Repo,
1652 2944 1691 3000 ut
1720 2928 1804 3000 Me·

137 3023 306 3123 Augusto
334 3025 531 3110 nerabiam,
569 3029 663 3105 inter
690 3051 804 3106 cetera
831 3028 909 3105 ait:
1030 3026 1155 3126 nagius
1196 3024 1242 3100 eli
1282 3025 1484 3121 opinatus'.
1530 3029 1616 3099 Inde
1657 3051 1802 3125 quoque

139 3127 260 3202 Armis
295 3127 446 3223 fulgebat
479 3152 594 3206 terra.
633 3136 763 3208 Uatinii
798 3132 912 3224 ferreis

1030 3126 1266 3228 Hispanicum
1295 3128 1524 3226 Engerrafar,
1554 3131 1720 3227 Unguibus
1741 3148 1803 3228 ap·

139 3231 319 3308 narrabitur
345 3231 457 3317 hallis.
497 3238 624 3335 Neque
651 3236 731 3310 heic
757 3236 909 3311 reticuu·
956 3235 994 3308 D
1027 3232 1410 3330 prehendere-aliquid„

140 3330 252 3421 dum,
279 3334 323 3406 ab
350 3336 495 3433 Angelu
516 3338 723 3412 Monosrnio
750 3337 787 3411 in
816 3342 913 3413 Flur.

139 3431 306 3534 Linguae
336 3437 450 3510 ltalic.
479 3440 563 3515 Lib.
591 3440 730 3541 primu,
758 3467 777 3514 e
803 3444 914 3514 Grae-

139 3561 185 3609 to
211 3540 320 3609 verbo
340 3553 464 3618 ariana,
488 3543 583 3637 quod
602 3541 649 3615 est
669 3543 826 3633 scribere,
855 3541 913 3613 de·

143 3635 295 3708 dubium
336 3638 436 3714 luisse
478 3641 645 3714 Italicum
687 3642 838 3734 Graffare
878 3643 913 3713 δι

141 3735 329 3830 Graffiure.
358 3746 462 3816 Hanc
490 3742 760 3842 Erymologiam
790 3741 913 3834 veriffr·

139 3866 226 3914 mam
263 3839 455 3941 Meuagiua
494 3849 532 3919 in
568 3845 653 3918 Lib.
690 3846 733 3917 de
771 3844 914 3944 Origin.

139 3943 304 4041 Linguae
343 3946 458 4021 italic.
496 3948 670 4047 appellat.
709 3943 850 4020 Contra
877 3974 913 4020 e·

136 4069 188 4144 go
225 4045 346 4120 falsam
386 4068 498 4146 puto.
534 4046 700 4138 Graffim·
729 4045 913 4144 (sortaffis

1084 3337 1195 3406 Porro
1221 3360 1330 3430 quum
1361 3335 1453 3410 bella
1481 3352 1542 3409 aut
1568 3335 1663 3410 inter
1688 3333 1801 3410 Cives

1031 3431 1248 3510 {aflinnibus
1275 3434 1451 3513 intestinis
1479 3437 1712 3515 dilaceratus,
1739 3453 1803 3511 aut

1032 3564 1113 3610 curn
1150 3534 1305 3612 hostibus
1342 3536 1526 3621 externis,
1563 3532 1804 3635 frequentiffi·

1033 3662 1091 3708 ma
1118 3636 1339 3734 temporibus
1366 3636 1413 3709 iia
1439 3637 1570 3718 edent,
1594 3639 1705 3712 nulla
1733 3636 1804 3714 Ci-

1033 3736 1127 3811 vitas
1153 3755 1251 3827 erat,
1287 3739 1426 3825 nullum
1443 3738 1665 3840 Oppidum,
1702 3741 1803 3841 cujus

1036 3841 1175 3936 Populo
1202 3836 1299 3940 saepe
1325 3843 1488 3919 imarum
1516 3868 1637 3933 ruere,
1664 3869 1704 3918 ac
1731 3843 1804 3916 mi·

1031 3941 1182 4031 litiam,
1211 3945 1490 4027 vellerauellera
1526 3943 1679 4025 ediscere
1703 3969 1806 4044 apuu

1031 4069 1103 4118 non
1131 4041 1244 4125 foret.
1271 4049 1462 4147 lugiuente
1484 4043 1704 4144 potiffimitm
1726 4046 1803 4122 bel·
1946 4097 1949 4102 -

139 4146 378 4237 &prasina
404 4147 834 4242 Gallicuml·'a'·Graffio,
871 4151 912 4224 li·
945 4142 1000 4213 'E'
1030 4147 1058 4221 li
1096 4145 1309 4225 necellitate'
1336 4145 1488 4228 univerfi
1524 4144 1639 4224 Cives
1676 4151 1718 4224 ad
1747 4176 1804 4224 ar·

63 4255 70 4268 ‘
141 4271 186 4322 ae
206 4247 449 4326 'instrumento
471 4253 656 4326 uncinata
687 4252 911 4328 efformatum

140 4348 188 4432 est
215 4379 286 4450 quo
311 4356 448 4448 aliquid
482 4352 753 4449 prehendimus,
781 4377 840 4428 aut
861 4357 912 4429 la·

144 4475 301 4535 teramus
321 4514 330 4530 .
349 4502 352 4507 -
368 4457 531 4552 (graffium
569 4463 666 4534 verb.
688 4459 746 4530 ab.
767 4455 912 4555 antiqua

144 4569 235 4630 voce
260 4563 434 4637 saxonica
456 4568 606 4655 cupha.
634 4560 842 4649 Krappelrn.
870 4560 913 4635 ad

11 4675 17 4678 ’
144 4680 211 4733 nos
239 4665 361 4754 venit,
389 4686 493 4763 quam
526 4665 635 4769 Angli
666 4669 843 4738 Saxonum
871 4659 913 4748 li·¹

142 4757 190 4835 lii
221 4760 379 4858 servent,
416 4772 558 4852 Grapple
594 4771 810 4864 appellantes
848 4766 912 4848 id,

82 4941 92 4950 ,
143 4863 242 4959 quod
274 4871 372 4942 n'nbia
400 4873 444 4944 ell
473 4875 613 4952 uncino,
650 4867 687 4944 ἃ
727 4871 911 4960 Rampiana.

144 4965 188 5040 ln
218 4965 349 5042 Glollas
377 4974 578 5056 Theotil'cia
608 4969 844 5047 verustrffinis
868 4973 912 5045 ab

145 5068 307 5166 {ecardo
332 5073 442 5152 editia
475 5074 608 5180 legitur
644 5078 807 5180 limus,
840 5101 912 5152 arm

1032 4274 1088 4321 tna
1116 4250 1191 4346 apti
1219 4249 1258 4322 in
1285 4251 1489 4332 exercitum,
1515 4251 1672 4344 prosilire
1702 4253 1803 4350 jube·

1031 4351 1183 4449 bantur3
1211 4369 1270 4425 aut
1299 4348 1322 4424 sr
1350 4351 1464 4431 castrt
1491 4353 1644 4448 alicujus
1665 4349 1804 4429 obsidia

1032 4449 1191 4526 iacienda
1217 4472 1316 4542 erat,
1343 4454 1452 4530 modb
1479 4480 1557 4553 para
1585 4480 1654 4528 una
1684 4456 1829 4549 i'npu'-v

1031 4554 1060 4630 li
1087 4574 1248 4646 armata,
1277 4557 1385 4635 modb
1413 4584 1490 4656 para
1518 4557 1627 4632 altera
1658 4557 1672 4650 l
1688 4565 1802 4652 Quar-

1030 4658 1112 4730 teria
1143 4658 1441 4761 appellabantur)
1479 4657 1569 4735 illuc
1605 4657 1803 4732 deduceba-

1031 4781 1111 4835 tur.
1140 4763 1330 4861 Neminem
1346 4817 1356 4853 ,
1375 4780 1415 4836 ut
1443 4783 1553 4856 puro,
1582 4760 1718 4855 pigebit
1739 4783 1803 4832 au·

1002 4862 1131 4956 ‚dire‚
1162 4862 1247 4962 quid
1278 4864 1386 4938 Anna
1412 4863 1626 4936 Mcccvt.
1667 4859 1705 4931 in
1733 4887 1802 4959 pu·

1030 4965 1128 5041 blico
1172 4962 1330 5041 concilio
1375 4961 1534 5041 statuerit
1585 4963 1801 5045 Mutinenlie

1002 5069 1276 5175 ¹Respublica,
1313 5087 1355 5153 ut
1382 5065 1533 5174 aonia}
1563 5093 1609 5145 ea
1644 5068 1799 5189 anfiquu

1688 5171 1741 5270 al·
