4214 6014
289 367 369 451 591
551 327 997 470 ANTIUHT·
1048 320 1304 417 MEDH
1349 326 1547 419 MV!
1718 368 1808 529 s„

226 451 325 535 saepe
353 450 539 528 laudatus.
578 455 713 526 Antrca
740 452 887 524 exhibet
912 448 993 523 aul·
1031 456 1064 529 A
1104 448 1224 546 plenos
1250 445 1350 547 supra
1376 469 1483 550 caput
1520 449 1676 550 gestant,
1733 453 1872 536 ortaffie

228 576 306 632 tum
334 558 485 657 ejusdem
514 554 680 628 Herculis
710 554 845 625 Ducis.
885 555 992 625 Hunc

229 660 353 738 enim,
380 659 414 729 dr
444 684 513 730 non
541 658 734 729 Herculem
763 658 810 727 ll.
837 652 994 728 indicare

229 759 314 834 satis
351 758 493 833 videtur
527 758 738 855 capillorum
779 751 916 841 forma,
956 756 991 828 dt

227 858 333 936 saciei
354 860 516 934 habitus.
538 861 880 956 praeterquamquod
900 861 993 931 Her-

229 965 327 1036 cules
366 961 440 1059 ejus
481 988 589 1061 nepos
636 962 831 1058 appellatus
876 956 993 1032 fuisset

230 1063 432 1139 Secundus.
489 1068 615 1138 Altera
664 1061 770 1137 iacies
823 1060 992 1134 Romanis

230 1166 401 1241 Nummis
440 1162 594 1248 fimitis,
636 1164 769 1239 nudum
809 1161 991 1236 hominem

228 1264 268 1341 in
296 1292 389 1362 equo
415 1265 590 1342 sedentem
619 1267 788 1366 praefert.

1103 547 1300 624 indicantes
1351 548 1631 628 florentiffimum
1691 560 1872 637 Ferrariae

1103 651 1228 725 statum
1249 649 1310 724 sub
1332 655 1505 727 Leonello
1521 657 1686 755 Principe
1704 661 1871 760 optimo.

1131 757 1334 847 >Quartum
1360 754 1398 828 io
1426 756 1563 848 eodem,
1587 760 1737 854 Museo,
1773 767 1874 839 Leo·

1104 858 1192 928 nelli
1220 853 1324 952 ipsus
1351 875 1537 951 protomen
1563 858 1667 934 habet
1688 889 1768 938 cum
1789 864 1871 963 epi·

1104 956 1234 1052 graphe
1271 961 1582 1036 LEONELLVS.
1614 965 1871 1041 MAttcttto.

1104 1060 1342 1134 ESTENSlS.
1376 1064 1424 1133 D.
1463 1065 1760 1138 FERRARIAE.
1788 1070 1872 1140 RE·

1103 1162 1188 1234 Gll.
1216 1163 1295 1235 ET.
1322 1165 1542 1239 MVTINE.
1583 1168 1624 1237 lu
1660 1165 1788 1265 pollice
1814 1165 1873 1242 vi·

1103 1257 1187 1335 fitur
1213 1258 1322 1362 figura
1342 1262 1428 1338 nudi
1450 1263 1631 1356 hominis,
1659 1287 1700 1341 ut
1717 1267 1872 1368 opinor,

138 1386 144 1391 ·
283 1367 455 1466 Reliquos
478 1367 760 1467 subsequentium
785 1370 926 1442 Ducum
946 1368 993 1437 E·
1034 1362 1063 1433 B
1102 1359 1227 1436 fluvii.
1264 1368 1373 1462 Supra
1411 1366 1458 1439 est
1496 1365 1692 1463 amphora,
1737 1396 1759 1445 e
1799 1393 1870 1471 que

228 1465 388 1543 slenstum
406 1474 584 1545 Nummos
599 1471 868 1570 praetermitto,
888 1486 994 1565 utpo-

229 1587 268 1645 te
294 1573 526 1647 recentiores.
554 1573 648 1648 Vide
672 1572 781 1647 ctiam
808 1568 993 1643 Mutinen-

231 1669 283 1745 ses
307 1673 343 1745 δι
374 1672 586 1773 Regienses,
628 1671 707 1746 heic
747 1669 838 1744 infra
865 1668 993 1743 descri-

230 1771 381 1845 bendos.
419 1775 482 1847 Sed
508 1773 650 1871 quando
686 1798 842 1871 coepere,
869 1773 994 1846 Seculo

230 1871 362 1946 Christi
399 1872 700 1976 Decimoquinslo
744 1875 783 1947 in
824 1873 993 1948 honorem

231 1975 464 2072 Principum,
490 1995 597 2073 atque
621 1974 813 2049 illustrium
835 1974 994 2048 virorum

230 2074 313 2148 cudi
341 2100 439 2149 aerea
467 2074 720 2165 Numismata,
760 2074 831 2151 five
856 2077 994 2150 Torcu-

230 2195 326 2251 mata
363 2177 529 2275 (Italice
574 2178 779 2275 Medagsr'om'
795 2180 809 2277 )
850 2177 995 2275 majoris

1103 1465 1273 1563 prodeunt
1298 1466 1431 1566 gemini
1459 1468 1622 1542 arborum
1648 1469 1763 1545 renti.

1102 1592 1106 1601 ’
1151 1565 1349 1660 Quinhlum
1378 1569 1564 1644 Numisma
1592 1567 1741 1668 poffidet
1772 1572 1867 1648 Ale·

1100 1668 1231 1743 xander
1257 1668 1522 1746 Bertacchinius
1549 1670 1586 1741 in
1615 1669 1675 1743 suo
1709 1670 1865 1747 Museo.

1101 1769 1143 1845 lu
1169 1768 1288 1843 antica
1312 1772 1471 1846 cernitur
1509 1769 1644 1872 effigies
1670 1773 1867 1866 Leonelli,

1100 1897 1141 1945 ac
1167 1870 1287 1945 eadent
1315 1869 1524 1974 inscriptio.
1565 1897 1669 1968 quant
1697 1873 1735 1946 in
1763 1899 1865 1974 prae-

1100 1972 1241 2046 cedenti
1268 1972 1451 2064 vidimus,
1486 1973 1617 2048 additis
1644 1977 1782 2048 tantum
1812 1977 1871 2050 su·

1100 2100 1161 2170 pra
1196 2095 1303 2173 caput
1337 2075 1432 2151 hisce
1468 2075 1583 2151 literis
1608 2079 1755 2150 ΕΗΒ.
1781 2080 1865 2151 AR.

1100 2178 1141 2249 ln
1169 2176 1298 2276 postica
1324 2181 1424 2260 Leo,
1459 2174 1499 2254 dt
1536 2193 1618 2251 ante
1643 2202 1723 2252 eum
1751 2177 1865 2277 Cupi·

230 2279 392 2367 moduli,
429 2281 465 2353 δι
506 2281 646 2373 aliquot
677 2278 745 2354 sese
772 2278 862 2354 mihi
888 2282 995 2355 obtu·
1029 2273 1062 2348 C
1098 2276 1168 2365 do,
1220 2277 1276 2352 seu
1325 2278 1462 2353 Genius
1492 2272 1654 2352 alatus.
1708 2276 1871 2353 Additur

229 2379 301 2453 lere
327 2382 370 2454 ad
397 2380 570 2478 inclytam
595 2381 834 2458 Atestinorum
856 2379 994 2456 Princi-

230 2505 313 2578 pum
342 2503 484 2581 gentem
512 2483 731 2576 spediantia,
771 2510 812 2557 ea
852 2508 994 2582 quoquc

229 2582 382 2680 adjicere
409 2611 479 2657 non
507 2584 742 2685 incongruunt
770 2581 916 2683 putavi.

281 2689 406 2781 ltaque
429 2687 608 2771 Primum,
634 2686 799 2759 Mutinae
819 2684 909 2780 apud
930 2711 994 2756 no·

230 2781 340 2855 bilem
383 2786 498 2858 virum
537 2787 719 2859 Comitem
766 2785 992 2860 Ludovicum

230 2885 423 2958 Nicolaum
451 2887 648 2960 Grassetum
688 2885 786 2961 vidi.
827 2885 990 2986 Effigiem

227 2982 418 3060 Numisma
458 2985 526 3059 hoc
565 2987 711 3062 exhibet
753 2987 901 3065 Nicolai
930 2991 993 3060 111.

228 3083 454 3161 Marchionie
481 3087 648 3169 Ellensrs.
689 3088 733 3163 de
767 3115 839 3186 quo
867 3088 992 3179 supra,

1097 2382 1232 2453 OPVS.
1261 2382 1437 2454 Plthl.
1475 2382 1714 2455 PICTORlS.
1750 2382 1797 2452 Et
1824 2378 1866 2454 in

1098 2483 1288 2570 columna,
1316 2481 1377 2555 ubi
1406 2480 1507 2556 navis
1533 2479 1711 2569 cernitur,
1737 2477 1864 2554 inscri-

1098 2601 1178 2676 ptus
1227 2581 1272 2655 est
1310 2588 1438 2656 Annus
1479 2580 1613 2659 Christi
1661 2583 1864 2658 MCCCC·

1098 2685 1293 2857 'lilium
1329 2782 1368 2858 in
1403 2779 1530 2857 Museo
1565 2749 1694 2856 Ellensi
1721 2779 1864 2883 conspi-

1098 2883 1216 2959 citur.
1247 2884 1302 2960 Ibi
1329 2881 1464 2987 effigies
1490 2883 1600 2959 Borlii
1628 2883 1772 2958 Ellensrs
1798 2910 1864 2958 an·

1098 3004 1154 3060 tea
1181 2988 1395 3075 memorati,
1435 2985 1568 3085 optimi
1607 2985 1688 3060 sane
1726 2984 1867 3061 Princi-

1098 3087 1175 3180 pis,
1225 3112 1307 3158 cum
1359 3085 1423 3157 hac
1472 3084 1688 3185 epigraphe:
1746 3088 1865 3162 BOR·

227 3212 308 3259 cum
356 3188 545 3286 epigraphe
595 3191 810 3263 NICOLAI
857 3190 989 3259 MAR·
1028 3182 1060 3249 D
1097 3186 1656 3256 SlVS....MARCHlO...
1684 3188 1866 3261 ESTEN·

226 3289 406 3360 CHlOm‘r
432 3292 679 3363 ESTENSIS.
708 3287 749 3360 ln
778 3285 907 3389 postica
934 3287 987 3361 vi·

225 3385 349 3462 suntur
389 3388 542 3490 Insignia
613 3388 774 3465 entilitia
818 3387 991 3464 familiae

225 3488 390 3564 Ellensrs.
417 3488 552 3566 Cusum
580 3416 651 3566 suit
676 3490 820 3565 circiter
842 3494 989 3566 Annum

224 3592 357 3667 Christi
384 3595 647 3668 mcccciv.

277 3692 475 3766 Secundum
503 3694 540 3765 in
568 3692 697 3766 Museo
723 3691 849 3766 Eslensr
878 3688 990 3766 adser-

223 3808 351 3866 vatur.
379 3793 435 3868 lbi
462 3793 597 3895 effigies
621 3794 784 3869 Leonelli
805 3792 989 3867 Marchio·

225 3893 282 3967 nis
310 3921 419 3990 nuper
445 3895 655 3978 memorati,
682 3920 760 3967 cum
786 3893 990 3991 inscriptio·

224 4019 269 4063 ne
305 3997 618 4066 LEONELLVS.
661 3998 914 4066 MARCfflO.
941 3997 988 4064 E·

1097 3287 1184 3357 815.
1199 3337 1209 3356 .
1224 3336 1233 3356 .
1249 3336 1258 3355 .
1276 3286 1527 3358 DOMlNVS.
1548 3284 1739 3381 Reliquas,
1754 3303 1864 3384 utpo·
1903 3350 1906 3357 ,

1098 3401 1133 3458 te
1159 3381 1197 3458 δι
1224 3384 1264 3458 in
1292 3382 1442 3482 postica,
1477 3386 1619 3460 attritas
1659 3387 1781 3461 literas
1808 3389 1864 3464 le·

1098 3513 1178 3586 gere
1204 3485 1376 3581 nequivi.

1150 3585 1347 3684 Septimum
1391 3584 1593 3662 adservatur
1635 3611 1778 3686 quoque
1821 3587 1862 3664 in

1098 3686 1221 3760 eodem
1243 3687 1389 3762 Museo.
1418 3688 1475 3762 Ad
1499 3689 1679 3762 laudatum
1704 3687 1859 3765 Bothum
1884 3750 1887 3755 .

1099 3787 1252 3883 spehlat,
1280 3789 1458 3886 poslquam
1487 3789 1519 3862 ie
1545 3792 1765 3863 renuntiatus
1792 3789 1866 3866 fuit

1100 3893 1203 3962 Dux.
1240 3887 1308 3962 lbi·
1336 3887 1459 3963 vistur
1484 3890 1558 3987 ejus
1586 3909 1749 3988 protome
1776 3916 1861 3966 cum

1097 3988 1348 4079 inscriptione:
1378 3992 1589 4065 Boustvs.
1619 3994 1734 4064 Dvx.
1761 3995 1861 4064 Mv-

224 4094 430 4165 STENSIS.
458 4090 500 4162 ln
527 4091 645 4164 aversa
672 4112 768 4189 parte
795 4118 902 4165 unum
930 4085 1049 4166 cufi
1097 4095 1233 4166 TlNE.
1285 4094 1362 4165 ΕΤ.
1415 4096 1562 4166 REGll.
1605 4096 1861 4168 MARCHIO.

224 4210 289 4294 put
328 4190 510 4277 hominis,
551 4190 621 4266 five
646 4191 816 4291 persona,
857 4192 987 4271 habens

223 4314 295 4369 tter
339 4292 447 4368 faciet
500 4293 649 4396 pueriles
698 4294 741 4367 in
777 4293 984 4394 prosprdlu.

149 4470 152 4479 ,
222 4395 461 4470 Circumstant
480 4400 626 4473 literae:
652 4399 787 4472 OPVS.
809 4400 984 4476 PlsANt.

223 4501 474 4572 PICTORlS.

272 4600 437 4673 Tertium
456 4598 493 4672 in
510 4599 735 4697 praelaudato
754 4599 880 4676 Ellenli
898 4600 983 4677 Mu·

222 4701 278 4774 seo
304 4698 485 4788 exsistens,
523 4702 680 4775 eamdem
709 4703 886 4801 effigiem,
925 4733 983 4779 ea·

221 4802 384 4901 sdemque
411 4801 659 4900 inscriptiones
699 4805 868 4898 praefert.
911 4811 980 4879 Ve-

219 4904 295 4974 rum
325 4905 460 4980 diuersa
486 4905 532 4980 cll
558 4904 664 4980 saciet
693 4907 801 5004 partis
824 4906 979 4980 aversae.

220 4999 276 5075 lbi
313 5002 383 5077 duo
420 5007 493 5086 viri
527 5008 615 5084 nudi
650 5009 808 5083 calathos
835 5006 981 5085 floribus

1096 4196 1333 4269 ESTENSIS.
1346 4197 1549 4270 RODIGll.
1560 4195 1736 4267 COMES.
1746 4196 1861 4268 ETC.

1097 4297 1138 4372 ln
1175 4293 1293 4371 aversa
1328 4314 1426 4394 parte
1459 4294 1592 4369 Mons.
1627 4300 1733 4385 Supra
1765 4298 1859 4367 Glo-

1097 4400 1181 4481 bus,
1208 4395 1327 4472 nescio
1352 4399 1565 4478 Solaria-ne,
1600 4419 1643 4466 an
1670 4395 1859 4490 Lunaris,

1090 4501 1212 4574 radios
1232 4500 1269 4573 in
1289 4517 1445 4571 montem
1466 4492 1683 4568 diffundens.
1708 4493 1750 4569 In
1773 4499 1861 4571 lim-

1097 4603 1142 4674 bo
1169 4600 1319 4699 legitur:
1349 4600 1472 4669 OPVS
1498 4596 1715 4670 IACOBvs
1732 4601 1859 4674 LIXI·

1094 4705 1273 4778 GNOLO
1297 4701 1557 4774 MCCCCLX.

1145 4802 1322 4875 Odiavum
1350 4798 1515 4898 conspexi
1544 4801 1581 4875 in
1616 4797 1744 4875 Museo
1773 4803 1858 4877 Ber·

1096 4904 1296 4981 tacchinio.
1337 4907 1459 4977 Parem
1500 4899 1611 4977 ferme
1638 4902 1790 5004 effigiem
1817 4905 1856 4978 dt

1095 5005 1367 5108 Inscriptiouem
1415 5004 1583 5083 exhibet.
1635 5009 1675 5079 ln
1730 5004 1859 5104 postica

1424 5194 1429 5199 ,
1666 5112 1804 5201 Mons,

1412 5230 1437 5276 s
