4192 6016
345 298 431 400 267
628 277 1044 394 ΛΝΉΩᾸΗΤ.
1093 282 1326 371 ΜΕῙΠΙ
1365 282 1545 372 AEV!
1780 282 1865 373 268

280 401 441 501 probitas
467 395 624 473 militis.
657 403 779 493 Quum
810 406 892 470 vero
920 398 1046 471 franci
1074 405 1135 489 {As
1161 400 1259 475 tandi
1287 428 1341 476 ars
1377 402 1471 477 inter
1496 399 1718 477 Christianos
1755 387 1925 471 affirmari

1161 501 1297 678 εἴηῆ,
1332 523 1374 576 ut
1408 523 1486 578 tum
1522 504 1634 576 l'olirm
1672 497 1926 599 deprehensum
2074 539 2076 542 ·

283 518 390 595 atque
418 500 502 576 Itali
529 526 573 574 ex
599 498 749 574 Oriente
778 497 892 572 secum
929 524 1046 598 repor-

281 597 410 676 tassent
436 600 627 700 sagittandi
652 618 764 675 artem
793 598 1046 700 perniciosam,

280 701 318 776 &
345 701 435 778 banc
466 700 733 778 abominatione
758 701 902 802 dignam
932 700 1015 775 cens
1032 744 1047 756 ·

282 823 362 880 rent
407 802 648 880 Lateranensrs
696 804 859 879 Consilii
902 807 1048 893 Patres,

284 906 380 1006 quod
408 906 546 981 eminus
572 908 611 980 ed
640 903 778 978 ratione
810 901 1050 979 interficeren-

286 1027 346 1084 tur
371 1009 556 1098 homines,
590 1007 823 1105 caderentque
848 1005 957 1081 etiam
994 1005 1051 1079 in·

274 1111 426 1186 .terdum
453 1110 620 1184 meliores
648 1108 804 1183 nondum
832 1125 1051 1209 pugnantes,

287 1231 473 1316 propterea
492 1209 568 1285 reri
589 1209 730 1285 ridetur
749 1208 883 1298 limile,
903 1208 1053 1283 interdi-

1199 603 1295 694 erit‚
1331 624 1463 702 quanta
1503 604 1675 694 pernicies
1713 628 1773 698 per
1813 599 1928 694 ipsam

1161 703 1367 780 hominibus
1395 704 1433 778 in
1470 705 1565 778 bello
1592 704 1797 778 inferretur.
1829 699 1930 776 ¹Cer·

1161 823 1197 880 te
1222 806 1313 904 apud
1335 809 1489 890 Graecos
1514 830 1692 902 nunquam
1716 803 1927 880 intercidit.

1162 909 1397 1003 Exploratum
1419 933 1560 1005 quoque
1579 904 1646 995 est,
1673 911 1824 987 Francos
1844 909 1926 977 An·

1161 1033 1210 1082 no
1238 1011 1385 1082 DCCC.
1412 1013 1511 1082 Arcu
1538 1010 1573 1080 &
1601 1005 1747 1103 Sagittis
1777 1004 1927 1106 pugnas·

1161 1107 1217 1192 se,
1242 1110 1297 1183 uti
1321 1109 1510 1184 Ermoldus
1531 1107 1696 1207 Nigellus
1716 1107 1800 1182 Lib.
1821 1106 1926 1196 prim.

1161 1210 1205 1284 de
1229 1209 1321 1285 Geli.
1349 1210 1528 1286 Ludorici
1559 1208 1638 1298 Pii,
1664 1211 1757 1282 Part.
1779 1211 1826 1283 11.
1847 1210 1925 1282 To·

285 1313 384 1391 iiam
407 1313 508 1388 fuisse
529 1311 739 1387 Christianis
763 1310 927 1386 adrerslts
945 1310 1053 1386 Chri·
1088 1300 1131 1384 B¹
1161 1309 1213 1385 rni
1251 1315 1297 1384 11.
1318 1297 1408 1385 ‘Rer.
1444 1310 1599 1386 Italicar.
1635 1308 1778 1385 scribit.
1814 1313 1925 1384 Anno

285 1413 416 1489 Bianor
442 1416 535 1490 bella
571 1412 773 1513 gerentibus
798 1419 918 1487 Artem
942 1412 1053 1484 Basti-

281 1516 454 1608 ssariorum
477 1513 527 1596 (θ’
551 1515 819 1614 Sagittariorum.
838 1518 885 1587 Et
910 1511 988 1587 sanc
1010 1513 1054 1585 ab

286 1644 331 1694 ea
366 1617 558 1693 abstinuere
593 1616 655 1690 diu
692 1615 765 1714 post
805 1615 961 1695 Franci,
999 1611 1053 1686 uri

288 1745 356 1794 nos
393 1719 495 1795 docet
521 1718 727 1790 willelmus
761 1716 863 1788 Brito
891 1715 991 1789 Libr.
1021 1737 1054 1786 2.

292 1817 491 1918 Philippid.
528 1817 618 1915 apud
657 1815 953 1892 Du-Chesnium:
992 1814 1055 1910 qui

289 1921 426 1994 bellam
461 1945 603 1996 narrans
639 1943 658 1991 a
697 1917 864 2015 Philippo
898 1915 1056 2015 Augusto

289 2022 478 2095 Gallorum
507 2025 601 2120 Rege
625 2037 748 2093 contra
774 2016 958 2092 flandriae
981 2020 1056 2090 Co·

290 2121 418 2200 mitem
446 2126 557 2195 Anno
582 2123 865 2195 MCLXlllllV.
894 2118 1057 2200 testatur,

1160 1410 1927 1614 llsslsssii'‘nisisi‘ts‘sltl

1162 1615 1269 1688 Abbo
1295 1614 1495 1689 Monachus
1522 1615 1606 1691 Lib.
1634 1616 1739 1712 prim.
1765 1612 1808 1688 de
1832 1613 1922 1687 Bell.

1162 1712 1269 1789 Paris.
1304 1716 1394 1815 apud
1433 1715 1707 1793 Du·Chesnium
1741 1720 1862 1792 Tomo
1888 1737 1921 1788 a.

1161 1817 1328 1911 Scriptor.
1345 1822 1467 1892 Franc.
1485 1817 1674 1893 Mathildis
1692 1843 1833 1917 quoque
1851 1819 1927 1892 Co·

1163 1917 1293 1991 mitissa
1329 1922 1440 1992 Anno
1475 1923 1655 1995 MCXlV.
1689 1921 1744 1993 uri
1779 1915 1924 1991 Donizo

1161 2016 1310 2099 scribit,
1345 2019 1389 2092 ad
1418 2018 1634 2096 obfidionem
1661 2024 1831 2095 Mantuae
1857 2018 1923 2092 du-

1161 2118 1218 2192 xit
1238 2118 1382 2211 Jautatar
1403 2144 1539 2217 gentes,
1565 2124 1614 2205 (m
1638 2122 1865 2210 arcitenentes,
1892 2117 1924 2192 i·

291 2222 457 2326 ignotum
492 2222 538 2298 iis
565 2220 688 2296 diebus
715 2220 813 2295 fuisse
842 2224 1057 2294 Francorum
1092 2214 1136 2291 (Γ
1161 2218 1230 2293 dest
1258 2220 1487 2320 sagittarios.
1524 2228 1571 2296 Et
1607 2219 1826 2320 praecedenti
1865 2224 1926 2294 Se.-

292 2325 393 2427 genti
420 2324 618 2414 Basrsiarum
644 2320 764 2397 usum.

342 2475 555 2574 francigenis
582 2474 693 2563 nostris
719 2472 788 2544 iilis
814 2472 924 2570 ignota
948 2473 1059 2544 diebus

342 2585 411 2650 Res
452 2598 520 2650 erat
554 2576 710 2668 omnine,
749 2575 829 2671 quid
862 2573 1059 2660 Balijlarius

343 2688 600 2875 Quidugiiiilia
629 2776 738 2864 fatet:
772 2798 826 2843 nec
858 2772 994 2844 babebat
1022 2772 1056 2841 itt

445 2876 572 2973 agmine
597 2893 661 2945 tato

343 2985 419 3058 Rex
442 2978 543 3053 armis
568 3001 773 3075 quemquam,
802 2974 898 3070 [ciret
922 2973 979 3072 qui
1004 2993 1055 3049 ta·

444 3079 533 3154 libus
559 3079 634 3151 uti.

293 3233 392 3308 Tum
420 3230 502 3307 Lib.
530 3234 574 3301 V.
604 3226 780 3300 Richardo
805 3225 960 3327 Angliae
987 3231 1055 3300 Re·

294 3335 332 3436 gi
353 3331 482 3408 tribuit
501 3354 677 3404 armorum
698 3328 869 3427 ejusmodi
889 3328 927 3400 in
949 3333 1056 3400 Fran·

292 3435 387 3511 ciam
424 3431 605 3507 intritum
634 3430 759 3521 usum,
795 3449 921 3528 utpote
947 3428 1056 3528 quia

293 3535 425 3613 Turcis
464 3534 503 3608 in
541 3532 689 3607 Oriente
725 3530 929 3622 didicerat,
969 3531 1056 3629 quid

287 3637 461 3735 successus
488 3661 527 3709 ea
553 3635 721 3709 haberent
747 3631 786 3708 in
812 3632 944 3708 hostes.

309 3769 315 3780 ⁸
342 3795 386 3862 Ut
414 3788 485 3982 quil
497 3785 705 3886 Franrigenir
729 3784 876 3876 Balissae
905 3785 1056 3884 primitus

441 3917 464 3963 u
478 3916 531 3963 um

338 3992 519 4068 Tradidit,
554 3990 617 4082 ipse
644 3991 702 4080 sni
726 4013 791 4059 rem
821 3984 975 4078 primitur
999 4013 1053 4054 ex·
1088 4030 1115 4097 Ε

437 4087 582 4180 periatur
596 4136 606 4158 .

285 4243 335 4318 Et
357 4237 443 4313 haec
465 4233 610 4338 quidem
636 4231 864 4334 excogitata,
887 4251 929 4308 ut
954 4233 1048 4309 caus—

285 4343 322 4416 sa
355 4339 478 4438 aliqua
511 4364 584 4413 non
624 4334 814 4438 spernenda
854 4334 1048 4417 afferatur,

284 4468 347 4518 cur
383 4444 493 4518 Anno
530 4443 778 4516 MCXlllle.
813 4437 1053 4518 innocentius

283 4547 331 4620 11.
356 4540 499 4618 nantas
522 4543 696 4617 &Arcus
717 4569 738 4616 e
760 4536 1044 4618 Christianorum

283 4646 379 4722 bello
406 4642 574 4720 arcendos
599 4642 766 4720 duxerit.

334 4748 470 4824 Verirm
507 4771 552 4820 ne
587 4743 631 4821 s1c
666 4744 813 4845 quidem
847 4743 1045 4844 acquiescat

281 4848 418 4925 animus
440 4874 521 4925 vera
547 4845 788 4949 inquirentis3
815 4845 1043 4947 nequeenim

277 4951 391 5049 Anno
415 4954 665 5055 MCXRRIX.
690 4948 779 5028 adeo
812 4974 908 5070 nora
935 4945 1043 5048 sagit·

124 5518 326 5616 Α,

1161 2322 1243 2395 culo
1271 2326 1333 2395 xt.
1360 2322 1550 2397 Gausridus
1577 2326 1766 2399 Martellus
1791 2326 1922 2398 Comes

1162 2421 1422 2522 Andegauensts
1456 2425 1496 2498 in
1534 2427 1628 2499 bello
1665 2444 1788 2500 contra
1817 2421 1925 2498 Guil-

1161 2524 1308 2597 lelmum
1348 2524 1574 2599 pictavorum
1606 2530 1775 2613 Ducem,
1809 2523 1925 2619 Sagit-¹

1160 2623 1278 2701 rarior,
1298 2621 1346 2699 a&
1369 2625 1490 2717 pedites
1508 2626 1581 2714 suos
1606 2624 1794 2704 ordinavit,
1819 2641 1860 2696 ut
1878 2624 1926 2696 est

1160 2720 1198 2795 in
1220 2719 1350 2793 Histor.
1370 2720 1516 2797 Consul.
1539 2723 1720 2823 Andegar.
1740 2724 1829 2821 apud
1854 2727 1927 2796 Da·
2048 2765 2052 2771 ·

1162 2821 1340 2895 cherium.
1377 2823 1432 2896 Ita
1469 2823 1631 2922 Sugerius
1668 2825 1705 2897 in
1734 2824 1822 2896 Vita
1849 2827 1927 2898 Lu·

1160 2921 1283 2997 dorici
1311 2921 1427 2998 Grossr
1455 2929 1667 2998 Francorum
1702 2923 1807 3023 Regis
1836 2928 1925 3024 Cap.

1165 3029 1221 3101 18.
1259 3021 1301 3097 ad
1340 3028 1486 3099 Annum
1523 3028 1683 3100 MCXV.
1720 3027 1794 3116 ejus
1833 3028 1926 3102 bella

1095 3129 1125 3196 D
1160 3123 1378 3206 describens,
1406 3125 1500 3199 inter
1526 3149 1640 3201 cetera
1667 3147 1926 3202 commemorat

1160 3226 1361 3322 Sagittarum
1396 3227 1523 3299 imbrem
1536 3254 1553 3298 .·
1587 3230 1621 3300 ἃ
1649 3225 1739 3326 Cap.
1770 3253 1827 3304 20.
1858 3235 1926 3302 Ba·

1161 3328 1352 3414 iiJiariorum
1380 3329 1424 3398 Ο·
1450 3328 1698 3426 Sagittariorum
1734 3330 1926 3404 meminit.

1162 3427 1269 3527 Apud
1304 3431 1413 3502 Italos
1448 3456 1589 3529 quoque
1624 3431 1743 3505 eadem
1782 3429 1926 3505 consue·

1161 3528 1249 3603 tudo
1288 3548 1385 3603 erat.
1426 3531 1657 3627 Landulpbus
1694 3532 1808 3607 senior
1845 3537 1926 3606 Me·

1161 3629 1393 3720 diolanensrs‚
1416 3634 1515 3734 cujus
1535 3633 1727 3708 Historiam
1747 3633 1825 3708 dedi
1848 3637 1926 3708 To-

1162 3759 1223 3805 mo
1246 3737 1310 3806 IV.
1334 3738 1412 3805 Rer.
1440 3737 1591 3808 italicar.
1615 3736 1812 3809 describens
1835 3734 1924 3808 obst·

1161 3832 1305 3905 dioncm
1326 3830 1527 3906 Mediolani
1546 3839 1653 3908 Anno
1673 3840 1924 3911 Mttxvlll.

1163 3958 1181 4002 a
1208 3932 1374 4004 Conrado
1400 3932 1516 4007 Salico
1543 3937 1699 4030 Augusto
1723 3938 1863 4015 sinistris
1888 3965 1925 4012 a·

1164 4029 1266 4104 vibus
1293 4029 1488 4128 perusiam,
1512 4055 1586 4109 tum
1613 4042 1823 4124 Germanis,
1848 4060 1926 4114 turn

1162 4131 1483 4211 Mediolanensibus
1510 4140 1656 4236 Sagittae
1683 4144 1720 4215 in
1751 4142 1811 4214 usu
1840 4139 1926 4213 suis-

1162 4232 1196 4307 se
1232 4233 1371 4312 tradit.
1409 4242 1520 4312 Anno
1556 4268 1696 4339 quoque
1730 4243 1924 4313 MLxxx.

1162 4335 1348 4410 commisso
1384 4339 1619 4413 crudelissimo
1657 4337 1792 4437 proelio
1830 4337 1926 4415 inter

1162 4437 1358 4513 Henrirum
1385 4443 1449 4512 1V.
1476 4445 1604 4536 Regem
1630 4463 1669 4510 ac
1696 4435 1926 4536 Rodulphum

1164 4541 1319 4637 Regem,
1333 4538 1467 4634 sagittis
1488 4534 1703 4635 ponffimum
1726 4539 1825 4614 ousia
1848 4569 1928 4618 cae-

1161 4638 1220 4714 des
1245 4639 1336 4728 suit,
1361 4637 1415 4710 uti
1441 4637 1534 4710 idem
1560 4638 1757 4716 Historicus
1783 4642 1927 4720 scribit.

1161 4743 1216 4813 Ita
1253 4739 1359 4809 Falco
1396 4738 1663 4818 Beneventanus
1703 4744 1743 4817 ad
1777 4749 1928 4821 Annum

1161 4841 1408 4915 McxxxIV.
1443 4842 1638 4938 Sagittarius
1677 4869 1852 4922 memorat
1886 4847 1926 4921 in

1160 4939 1320 5022 exercitu
1346 4939 1495 5021 Roberti
1533 4945 1710 5050 Brincipis
1738 4944 1928 5043 Capuani.

1782 5050 1873 5124 Pos-
