4214 6014
285 256 381 428 Ι189

615 297 983 391 DISSERTATIO
1020 296 1502 394 vronsmasaffle

1741 308 1837 403 286'
1880 434 1888 455 κ

236 431 321 505 sieri
357 458 377 503 a
416 429 548 518 Ioanne
592 422 758 498 Villanio
798 419 999 524 usurpatam
1039 422 1074 503 Α
1121 421 1178 497 tio
1204 419 1251 495 eli
1275 423 1366 522 apud
1393 440 1549 505 veteres,
1576 418 1679 495 illam
1706 423 1806 500 fuisse
1832 422 1890 504 dt.

127 581 129 585 «
238 531 355 608 videri
392 530 611 604 efformatam
639 553 659 599 a
687 527 865 599 Gualdana
878 574 890 608 ,
926 552 999 600 non

236 640 323 709 verb
362 632 456 731 quod
490 630 647 703 Gialdam
681 628 908 728 incognitum
944 655 999 702 ar·

237 760 374 812 morum
415 759 523 834 genus
560 731 590 805 ii
627 728 834 804 deferrent.
883 729 1000 806 Postea

236 864 343 938 quum
365 835 626 934 Apparitorum
642 834 724 905 loco
737 830 908 932 ejusmodi
929 833 999 906 im·

237 940 358 1040 probis
386 963 427 1010 ac
466 932 647 1007 viliffimis
683 932 863 1006 militibus
898 933 1000 1008 ltali-

237 1035 314 1115 eae'
336 1039 456 1114 Urbes
493 1038 548 1110 uti
585 1034 802 1135 coeperint,
838 1033 923 1108 hinc
958 1035 999 1109 ad

237 1140 352 1227 nostra
381 1138 487 1237 usque
514 1157 674 1235 tempora
702 1154 932 1236 propagatum
956 1136 1001 1210 eli

234 1243 332 1316 idem
359 1267 515 1323 nomen,
551 1265 658 1337 quum
699 1241 904 1312 Praetorum
940 1243 1000 1312 Sa·

1123 525 1207 616 cit,
1248 551 1337 623 quae
1376 524 1601 600 indicebatur
1637 553 1706 598 eum
1745 528 1888 621 disfide.
1922 534 1928 546 '

1124 632 1211 705 Non
1249 627 1335 701 haec
1361 629 1460 703 vocis
1495 625 1596 702 illius
1631 653 1797 728 germana
1832 630 1891 705 in·

1123 730 1354 830 terpretatio.
1380 736 1502 804 Guerra
1523 732 1710 826 guerriata,
1731 733 1765 804 8<
1785 738 1889 804 Guer·

1124 860 1161 905 ra
1182 834 1411 930 guerreggiara
1437 832 1501 906 illa
1529 831 1619 914 fuit,
1644 860 1735 933 quae
1761 833 1891 910 infere-

1125 935 1228 1008 batur
1253 933 1341 1009 hosti
1370 961 1431 1032 per
1456 933 1686 1009 velitationes
1711 935 1890 1034 (hedolve-

1124 1037 1175 1107 ebe'
1185 1091 1195 1126 ,
1212 1036 1445 1136 searamueee‘e)
1465 1063 1526 1136 per
1543 1033 1705 1119 insidias,
1724 1036 1889 1114 infestan-

1124 1138 1172 1211 do
1198 1159 1438 1222 commeatus,
1474 1136 1625 1238 aliisque
1651 1139 1786 1214 artibus
1813 1143 1890 1214 bel-

1124 1238 1234 1333 licis,
1269 1241 1326 1315 led
1353 1240 1556 1316 abstinendo
1582 1269 1602 1315 a
1629 1241 1794 1342 proeliis.
1829 1245 1890 1332 Jo-

235 1343 392 1423 tellites,
422 1341 490 1416 five
518 1339 751 1439 Apparitores
777 1341 1001 1440 appellentur
1050 1343 1079 1414 B
1125 1367 1232 1415 annes
1273 1343 1454 1418 villanius
1490 1343 1574 1419 Lib.
1609 1370 1646 1443 9.
1681 1341 1773 1440 Cap.
1806 1348 1890 1417 181.

233 1446 351 1530 stra,
378 1444 508 1523 rann,
536 1444 569 1516 tr
596 1438 707 1536 zaffi.

283 1549 440 1621 Fuerunt
475 1563 594 1619 autem
634 1544 806 1643 quaedam
847 1542 998 1619 bellicae

231 1646 283 1722 rei
324 1646 616 1734 consuetudines,
656 1645 860 1721 observatae
899 1674 997 1744 prae·

230 1746 354 1822 sertim
383 1749 420 1822 in
451 1750 556 1821 ltalia
584 1745 656 1844 post
692 1750 855 1823 Seculum
883 1753 997 1823 Acrae

232 1849 401 1950 Vulgaris
433 1852 492 1923 x1.
532 1853 627 1922 Nam
663 1849 828 1947 antiquus
867 1854 997 1923 Roma·

231 1977 358 2025 norum
402 1951 496 2026 ritus
536 1949 714 2025 restitutus
752 1951 832 2041 est,
873 1977 998 2050 nempe

232 2079 305 2128 non
342 2052 453 2128 antea
482 2051 655 2127 inferendi
693 2051 802 2127 alicui
839 2053 1024 2134 bellum,

229 2157 337 2252 quim
376 2154 553 2229 indicium
590 2153 682 2228 foret
718 2152 805 2227 hosti
842 2180 903 2247 per
930 2159 998 2228 Le·

233 2275 361 2357 gatos,
388 2256 457 2331 sive
494 2256 669 2331 Feciales.
708 2253 870 2330 Profedib
907 2254 999 2329 nefas
1047 2248 1078 2318 C

233 2359 408 2434 ducebant
444 2385 567 2434 eorum
600 2379 799 2458 temporum
836 2356 999 2432 homines

229 2486 310 2535 cum
356 2461 473 2543 Itali,
514 2480 591 2535 tum
628 2459 830 2548 Germani,
866 2459 997 2551 Galli,

230 2565 412 2661 ceterique
447 2557 615 2638 cultiores
649 2568 810 2663 Europae
848 2561 997 2658 Populi,

227 2662 358 2738 hostem
387 2667 483 2738 bello
510 2667 702 2761 impetere,
729 2692 801 2737 non
830 2661 996 2762 praemis-

227 2767 285 2847 sl,
316 2786 355 2838 ut
383 2768 523 2862 aiebant
549 2766 781 2857 diffidatione,
811 2768 903 2839 unde
930 2792 995 2839 no-

227 2865 332 2938 strum
359 2866 482 2956 disfida
507 2869 542 2938 δι
567 2867 706 2957 sfirlare.
748 2872 867 2963 Atque
894 2866 931 2938 id
958 2894 993 2939 e·

228 2967 319 3040 tiam
347 2994 366 3040 a
395 2965 578 3041 friderico
614 2966 643 3040 l.
681 2969 714 3040 dr
752 2966 800 3040 ll.
831 2967 995 3065 Augustis

134 3073 136 3076 ’
225 3070 304 3170 lege
331 3090 474 3145 cautum
511 3067 609 3168 fuit3
645 3070 697 3142 ita
733 3089 774 3142 ut
802 3069 994 3165 Scriptores

1124 1449 1189 1514 Per
1213 1444 1241 1514 le’
1265 1446 1378 1532 Sanefi
1396 1447 1511 1538 surano
1535 1446 1703 1537 conranni
1726 1448 1763 1519 di
1786 1451 1891 1521 Goer-

1124 1567 1162 1616 ra
1192 1547 1390 1642 guerriatae,
1427 1575 1488 1620 non
1522 1546 1746 1643 afficerandofi
1778 1545 1812 1618 d’
1829 1545 1891 1620 ab·

1124 1647 1257 1733 bocearfi
1281 1679 1302 1719 a
1327 1647 1517 1746 battaglr'a,
1553 1676 1634 1722 eostre
1658 1680 1680 1725 a
1705 1669 1802 1748 gente
1834 1648 1891 1720 de·-

1119 1750 1272 1844 Jperata.
1308 1750 1407 1825 Aliis
1443 1751 1617 1851 exemplis
1655 1778 1781 1853 parco.
1819 1754 1892 1824 lia-¹·
2032 1790 2037 1803 ,

1124 1849 1256 1925 riliima
1290 1877 1402 1934 vero,
1437 1875 1499 1928 aut
1533 1855 1632 1927 nulla
1667 1867 1891 1929 tuncerant

1126 1953 1218 2023 bella
1254 1953 1327 2048 poll
1362 1952 1554 2027 Odiobrem
1591 1957 1743 2030 mensem
1782 1954 1889 2052 usque

1126 2052 1167 2124 ad
1196 2058 1269 2125 Ver
1294 2053 1476 2128 adultum.
1504 2063 1668 2146 Tempus,
1695 2082 1756 2152 quo
1782 2064 1896 2153 Reges¹

1126 2157 1170 2224 ad
1209 2155 1296 2225 bella
1335 2155 1489 2246 proficisci
1521 2158 1626 2248 solent
1666 2156 1681 2254 (
1709 2156 1804 2253 quod
1844 2178 1889 2230 ex

1126 2255 1211 2328 Lib.
1248 2278 1281 2327 2.
1316 2253 1410 2354 Cap.
1442 2280 1498 2329 11.
1537 2261 1696 2356 Regum,
1734 2255 1890 2331 didicere

1126 2355 1285 2455 Majores
1311 2356 1439 2449 nostri,
1476 2377 1582 2455 atque
1617 2358 1725 2433 etiam
1753 2382 1891 2432 memo·

1126 2478 1180 2530 rat
1208 2457 1406 2533 Radevicus
1442 2462 1526 2535 Lib.
1553 2456 1657 2558 prim.
1684 2458 1775 2572 Cap.
1805 2461 1888 2560 10.)

1127 2561 1246 2661 Majus
1265 2580 1404 2635 tantum
1425 2559 1548 2636 mensis
1575 2560 1665 2636 fuit.
1689 2564 1722 2634 Is
1742 2586 1889 2661 inquam
1954 2577 1957 2582 “

1127 2662 1333 2736 bellicarum
1362 2663 1631 2764 expeditionum
1662 2662 1810 2738 initium
1836 2662 1893 2737 el·

1124 2759 1159 2835 se
1186 2763 1392 2857 consuevit,
1428 2765 1511 2839 telle
1536 2763 1738 2839 Guilielmo
1764 2768 1891 2866 Apulo
2040 2784 2041 2788 ’

1125 2864 1209 2940 Lib.
1250 2867 1355 2967 prim.
1397 2869 1554 2941 Poimat.
1599 2866 1642 2941 de
1689 2871 1888 2944 Normann.

1125 2968 1247 3039 Tomo
1273 2972 1339 3040 VI.
1367 2971 1448 3042 Rer.
1475 2967 1630 3042 italicar.
1657 2968 1741 3041 dum
1761 2967 1835 3043 ait:

228 3187 410 3269 tanquam
445 3170 721 3244 abominandum
778 3167 915 3244 lacinus
958 3173 994 3245 dc
1047 3175 1078 3243 D
1174 3176 1243 3243 Hor
1267 3173 1313 3244 ad
1335 3170 1422 3245 bella
1443 3168 1546 3268 {elene
1573 3176 1734 3269 procedere
1758 3192 1891 3272 tempure

225 3273 425 3372 proditioni
473 3271 586 3347 simile
627 3272 801 3346 habitum¹
831 3273 992 3346 animad-

181 3437 185 3445 .
224 3395 390 3464 vertant,
425 3373 449 3446 st
476 3375 617 3468 quando
643 3391 824 3446 contemta
851 3373 915 3445 bac
943 3375 994 3446 le-

226 3502 290 3574 ge,
317 3476 387 3549 five
412 3475 689 3564 consuetudine,
717 3475 849 3546 bellum
869 3474 993 3546 adver·

222 3583 281 3648 sits
311 3577 470 3671 aliquem
499 3603 543 3647 ex
570 3574 767 3671 improviso
789 3598 994 3644 commove-

228 3679 356 3750 batur.
384 3676 501 3752 lmmo
539 3673 609 3747 luit
635 3675 744 3747 etiam
782 3697 857 3744 mos
894 3698 994 3769 proe-

227 3777 316 3851 lium
335 3775 493 3852 futurum
508 3777 597 3848 hosti
614 3775 880 3875 praenuntiare,
895 3801 994 3846 eum-

222 3905 292 3976 que
320 3905 517 3978 provorare
553 3878 596 3950 ad
632 3876 833 3974 eligendum
870 3877 992 3957 diem,

1276 3281 1400 3370 Reges.

1124 3473 1232 3568 Quod
1259 3472 1282 3546 si
1318 3474 1357 3548 in
1384 3472 1684 3569 velitationibus,
1721 3478 1889 3574 proeliis,

1125 3575 1165 3647 ἃ
1192 3574 1431 3650 obsidionibus
1458 3577 1594 3673 captivi
1627 3605 1671 3650 ex
1708 3577 1801 3650 boile
1828 3579 1889 3651 ad-

1126 3674 1367 3766 ducebantur,
1408 3695 1514 3774 atque
1553 3676 1581 3751 ii
1617 3677 1755 3754 milites
1791 3699 1892 3757 erant

1126 3774 1300 3875 gregarii,
1326 3776 1388 3874 qui
1416 3777 1589 3878 stipendio
1615 3801 1810 3864 mererent,
1847 3780 1891 3854 li·

1126 3904 1171 3951 ve
1191 3876 1350 3975 equites,
1376 3878 1446 3953 sive
1474 3880 1630 3978 pedites,
1658 3901 1734 3955 tum
1760 3883 1891 3981 spolia-

223 3979 263 4055 &
305 3982 426 4057 locum
470 4006 640 4080 pugnae,
686 3978 740 4052 uti
779 3978 818 4051 in
862 3980 993 4051 Duello
1125 3977 1156 4051 ti
1184 3977 1292 4052 armis
1328 3977 1366 4053 ἃ
1404 4008 1496 4079 equo
1532 3983 1630 4056 abire
1665 3982 1892 4069 sinebantur,

221 4108 365 4181 quoque
392 4081 526 4154 fabium
555 4079 621 4153 est.
660 4085 708 4151 Et
742 4080 827 4177 quia
863 4106 993 4179 provo·
1049 4079 1078 4150 E
1124 4079 1207 4152 dum
1236 4078 1270 4154 se
1296 4080 1446 4156 victoris
1465 4082 1581 4188 copiis
1601 4084 1790 4187 adjungere
1810 4087 1892 4160 nol·

221 4206 342 4258 cantes
370 4182 564 4258 inimicum
598 4179 640 4253 ad
677 4178 846 4278 singulare
882 4200 993 4253 certa-

221 4312 302 4361 rnen
345 4283 575 4385 praemittere
614 4280 869 4354 consueverunt
904 4308 994 4355 nun·

228 4389 349 4470 tium,
382 4386 445 4487 qui
483 4387 522 4461 in
559 4384 692 4485 lignum
730 4384 994 4480 provocationis

232 4488 469 4564 chirothecam
512 4486 725 4590 projiciebat
761 4487 800 4560 in
837 4502 995 4568 terram,

230 4589 284 4663 ita
311 4617 452 4689 quoque
484 4593 566 4665 ltali
596 4587 639 4663 ad
677 4586 853 4687 proelium
882 4586 993 4661 holles

230 4689 454 4781 invitaturi,
494 4717 567 4763 non
605 4698 682 4767 rarb
719 4689 762 4764 ad
798 4716 857 4765 eos
893 4707 996 4763 antea

227 4792 426 4867 mittebant
463 4792 490 4864 il
525 4813 649 4889 guanto
678 4792 868 4885 sanguinein
906 4793 997 4865 della

220 4896 387 4992 battaglia
398 4949 407 4968 .
420 4893 657 4991 Do·Cangius
676 4893 714 4964 in
730 4894 908 4970 Gloli'ario
921 4899 994 4972 La-

224 5002 305 5077 tino
332 5004 488 5072 Guerram
510 5016 725 5094 guerrarum,
760 4999 859 5098 cujus
895 5019 995 5068 men.

684 5102 722 5153 ο

1124 4183 1220 4254 lent:
1259 4210 1299 4255 ea
1335 4183 1514 4260 interdum
1551 4187 1759 4262 conditione
1794 4188 1891 4286 adje-

1122 4281 1204 4370 dla,
1232 4301 1272 4353 nt
1299 4284 1522 4381 jurejurando
1549 4288 1825 4385 pollicerentur,
1853 4287 1889 4362 le

1126 4408 1186 4482 per
1211 4379 1270 4454 sex
1296 4384 1451 4478 menses,
1479 4404 1541 4461 aut
1567 4413 1628 4486 per
1645 4412 1799 4479 annum,
1825 4405 1889 4463 aut

1125 4487 1245 4571 ultra,
1281 4487 1443 4562 adversius
1480 4487 1654 4563 viliorem
1691 4514 1789 4563 arma
1815 4486 1888 4562 mi·-

1124 4588 1221 4657 nime
1247 4585 1484 4665 resumturos.
1521 4589 1595 4666 Hic
1632 4616 1708 4665 mos
1744 4591 1788 4664 ab
1816 4593 1889 4663 Ita·

1123 4687 1195 4776 lis,
1232 4713 1271 4761 ac
1307 4692 1495 4766 Germanis
1521 4696 1647 4768 Seculo
1682 4690 1886 4795 praesertim

1123 4792 1223 4864 xlv,
1265 4790 1503 4866 observatus.
1545 4796 1638 4869 Vide
1677 4786 1887 4868 chronicon

1123 4889 1309 4966 Dominici
1329 4894 1371 4965 de
1385 4890 1544 4965 Gravina
1560 4898 1682 4968 Tomo
1703 4898 1784 4969 llll.
1805 4897 1887 4972 Rer.

1123 4993 1241 5069 Italic.
1275 5020 1355 5096 pag.
1391 4999 1515 5094 678.,
1550 4992 1590 5072 δι
1626 4995 1806 5073 Cortufios
1846 4997 1885 5076 in
1940 5048 1946 5060 =

1673 5099 1832 5177 Chroni-
