<?xml version="1.0" encoding="UTF-8"?>
<!DOCTYPE html PUBLIC "-//W3C//DTD XHTML 1.0 Transitional//EN"
    "http://www.w3.org/TR/xhtml1/DTD/xhtml1-transitional.dtd">
<html xmlns="http://www.w3.org/1999/xhtml" xml:lang="en" lang="en">
 <head>
  <title>
</title>
<meta http-equiv="Content-Type" content="text/html;charset=utf-8" />
  <meta name='ocr-system' content='tesseract 3.04.00' />
  <meta name='ocr-capabilities' content='ocr_page ocr_carea ocr_par ocr_line ocrx_word'/>
</head>
<body>
  <div class='ocr_page' id='page_1' title='image "./antiquitatesita00muragoog_0119.png"; bbox 0 0 4214 6014; ppageno 0'>
   <div class='ocr_carea' id='block_1_1' title="bbox 304 272 2005 493">
    <p class='ocr_par' dir='ltr' id='par_1_1' title="bbox 304 272 2005 493">
     <span class='ocr_line' id='line_1_1' title="bbox 304 272 2005 493; baseline 0.002 -28"><span class='ocrx_word' id='word_1_1' title='bbox 304 272 803 467; x_wconf 53' lang='lat' dir='ltr'>audiitccc1x,ATiimi</span> <span class='ocrx_word' id='word_1_2' title='bbox 818 273 1079 473; x_wconf 47' lang='lat' dir='ltr'>iligitiuiii</span> <span class='ocrx_word' id='word_1_3' title='bbox 1106 273 1237 471; x_wconf 56' lang='grc' dir='ltr'>ΑΜῙΞι</span> <span class='ocrx_word' id='word_1_4' title='bbox 1247 272 1952 493; x_wconf 49' lang='lat' dir='ltr'>plisildider‘i.hilideIAringbiuifLib.</span> <span class='ocrx_word' id='word_1_5' title='bbox 2002 425 2005 430; x_wconf 94' lang='lat'>·</span> 
     </span>
    </p>
   </div>
   <div class='ocr_carea' id='block_1_2' title="bbox 300 489 1073 1097">
    <p class='ocr_par' dir='ltr' id='par_1_2' title="bbox 300 489 1073 1097">
     <span class='ocr_line' id='line_1_2' title="bbox 306 489 1073 595; baseline 0.005 -28"><span class='ocrx_word' id='word_1_6' title='bbox 306 489 444 567; x_wconf 80' lang='lat' dir='ltr'>nlicar.</span> <span class='ocrx_word' id='word_1_7' title='bbox 471 489 642 569; x_wconf 80' lang='lat' dir='ltr'>babetur:</span> <span class='ocrx_word' id='word_1_8' title='bbox 670 500 804 587; x_wconf 82' lang='lat' dir='ltr'>Propter</span> <span class='ocrx_word' id='word_1_9' title='bbox 822 524 970 595; x_wconf 74' lang='lat' dir='ltr'>magram</span> <span class='ocrx_word' id='word_1_10' title='bbox 989 503 1073 571; x_wconf 52' lang='lat' dir='ltr'>mul*</span> 
     </span>
     <span class='ocr_line' id='line_1_3' title="bbox 302 588 1072 701; baseline 0.01 -40"><span class='ocrx_word' id='word_1_11' title='bbox 302 588 476 677; x_wconf 56' lang='lat' dir='ltr'>siurim</span> <span class='ocrx_word' id='word_1_12' title='bbox 502 593 756 685; x_wconf 75' lang='lat' dir='ltr'>Moschen&#39;arrrru</span> <span class='ocrx_word' id='word_1_13' title='bbox 770 651 782 688; x_wconf 93' lang='lat'>,</span> <span class='ocrx_word' id='word_1_14' title='bbox 798 662 801 669; x_wconf 92' lang='lat'>.</span> <span class='ocrx_word' id='word_1_15' title='bbox 818 624 901 696; x_wconf 80' lang='lat' dir='ltr'>quar</span> <span class='ocrx_word' id='word_1_16' title='bbox 926 603 1072 701; x_wconf 64' lang='lat' dir='ltr'>sagitis.</span> 
     </span>
     <span class='ocr_line' id='line_1_4' title="bbox 304 693 1070 782; baseline 0.022 -17"><span class='ocrx_word' id='word_1_17' title='bbox 304 693 408 769; x_wconf 78' lang='lat' dir='ltr'>banr.</span> <span class='ocrx_word' id='word_1_18' title='bbox 445 694 611 771; x_wconf 84' lang='lat' dir='ltr'>Fortaliis</span> <span class='ocrx_word' id='word_1_19' title='bbox 648 697 744 774; x_wconf 75' lang='lat' dir='ltr'>inde‘</span> <span class='ocrx_word' id='word_1_20' title='bbox 758 725 888 778; x_wconf 88' lang='lat' dir='ltr'>nomen</span> <span class='ocrx_word' id='word_1_21' title='bbox 914 703 1070 782; x_wconf 83' lang='lat' dir='ltr'>inditum</span> 
     </span>
     <span class='ocr_line' id='line_1_5' title="bbox 300 795 1070 908; baseline 0.023 -39"><span class='ocrx_word' id='word_1_22' title='bbox 300 795 445 891; x_wconf 69' lang='lat' dir='ltr'>scupis,</span> <span class='ocrx_word' id='word_1_23' title='bbox 471 824 560 895; x_wconf 88' lang='lat' dir='ltr'>quos</span> <span class='ocrx_word' id='word_1_24' title='bbox 586 798 722 877; x_wconf 88' lang='lat' dir='ltr'>duobus</span> <span class='ocrx_word' id='word_1_25' title='bbox 746 804 910 904; x_wconf 83' lang='lat' dir='ltr'>proxime</span> <span class='ocrx_word' id='word_1_26' title='bbox 937 829 1070 908; x_wconf 88' lang='lat' dir='ltr'>praete·</span> 
     </span>
     <span class='ocr_line' id='line_1_6' title="bbox 302 894 1070 1003; baseline 0.023 -34"><span class='ocrx_word' id='word_1_27' title='bbox 302 894 386 971; x_wconf 85' lang='lat' dir='ltr'>ritis</span> <span class='ocrx_word' id='word_1_28' title='bbox 414 899 549 975; x_wconf 86' lang='lat' dir='ltr'>Seculis</span> <span class='ocrx_word' id='word_1_29' title='bbox 575 905 753 1003; x_wconf 82' lang='lat' dir='ltr'>appellare</span> <span class='ocrx_word' id='word_1_30' title='bbox 780 910 974 1001; x_wconf 72' lang='lat' dir='ltr'>Masebrrras</span> <span class='ocrx_word' id='word_1_31' title='bbox 993 936 1070 987; x_wconf 85' lang='lat' dir='ltr'>mos</span> 
     </span>
     <span class='ocr_line' id='line_1_7' title="bbox 304 993 1068 1097; baseline 0.027 -26"><span class='ocrx_word' id='word_1_32' title='bbox 304 993 396 1073; x_wconf 79' lang='lat' dir='ltr'>fuit.</span> <span class='ocrx_word' id='word_1_33' title='bbox 423 1001 647 1080; x_wconf 81' lang='lat' dir='ltr'>Athenarum</span> <span class='ocrx_word' id='word_1_34' title='bbox 674 1010 785 1097; x_wconf 74' lang='lat' dir='ltr'>Dux,</span> <span class='ocrx_word' id='word_1_35' title='bbox 812 1010 895 1086; x_wconf 86' lang='lat' dir='ltr'>dum</span> <span class='ocrx_word' id='word_1_36' title='bbox 923 1017 1068 1092; x_wconf 80' lang='lat' dir='ltr'>Floren-</span> 
     </span>
    </p>
   </div>
   <div class='ocr_carea' id='block_1_3' title="bbox 302 1099 1070 1310">
    <p class='ocr_par' dir='ltr' id='par_1_3' title="bbox 302 1099 1070 1310">
     <span class='ocr_line' id='line_1_8' title="bbox 303 1099 1069 1204; baseline 0.02 -27"><span class='ocrx_word' id='word_1_37' title='bbox 303 1099 378 1177; x_wconf 82' lang='lat' dir='ltr'>tiae</span> <span class='ocrx_word' id='word_1_38' title='bbox 401 1104 674 1199; x_wconf 77' lang='lat' dir='ltr'>dominabatur,</span> <span class='ocrx_word' id='word_1_39' title='bbox 701 1111 783 1185; x_wconf 84' lang='lat' dir='ltr'>teste</span> <span class='ocrx_word' id='word_1_40' title='bbox 809 1114 968 1204; x_wconf 80' lang='lat' dir='ltr'>ananne</span> <span class='ocrx_word' id='word_1_41' title='bbox 987 1120 1069 1195; x_wconf 78' lang='lat' dir='ltr'>vil-</span> 
     </span>
     <span class='ocr_line' id='line_1_9' title="bbox 302 1199 1070 1310; baseline 0.025 -34"><span class='ocrx_word' id='word_1_42' title='bbox 302 1199 404 1287; x_wconf 86' lang='lat' dir='ltr'>lanio</span> <span class='ocrx_word' id='word_1_43' title='bbox 429 1205 513 1283; x_wconf 86' lang='lat' dir='ltr'><strong>Lib.</strong></span> <span class='ocrx_word' id='word_1_44' title='bbox 544 1233 601 1289; x_wconf 77' lang='grc' dir='ltr'>η.</span> <span class='ocrx_word' id='word_1_45' title='bbox 626 1206 718 1307; x_wconf 89' lang='lat' dir='ltr'>Cap.</span> <span class='ocrx_word' id='word_1_46' title='bbox 748 1219 782 1290; x_wconf 89' lang='lat'>8.</span> <span class='ocrx_word' id='word_1_47' title='bbox 810 1217 997 1293; x_wconf 79' lang='lat' dir='ltr'>Historiar.</span> <span class='ocrx_word' id='word_1_48' title='bbox 1020 1223 1070 1310; x_wconf 72' lang='lat' dir='ltr'>sr-</span> 
     </span>
    </p>
   </div>
   <div class='ocr_carea' id='block_1_4' title="bbox 303 1312 1138 1412">
    <p class='ocr_par' dir='ltr' id='par_1_4' title="bbox 303 1312 1138 1412">
     <span class='ocr_line' id='line_1_10' title="bbox 303 1312 1138 1412; baseline 0.024 -34"><span class='ocrx_word' id='word_1_49' title='bbox 303 1324 549 1387; x_wconf 66' lang='lat' dir='ltr'>retorrescunt</span> <span class='ocrx_word' id='word_1_50' title='bbox 579 1313 613 1382; x_wconf 82' lang='lat' dir='ltr'>le</span> <span class='ocrx_word' id='word_1_51' title='bbox 647 1315 795 1403; x_wconf 73' lang='lat' dir='ltr'>Balelira</span> <span class='ocrx_word' id='word_1_52' title='bbox 820 1317 925 1412; x_wconf 65' lang='lat' dir='ltr'>Gross‘e</span> <span class='ocrx_word' id='word_1_53' title='bbox 950 1320 983 1394; x_wconf 69' lang='grc' dir='ltr'>α’</span> <span class='ocrx_word' id='word_1_54' title='bbox 997 1322 1069 1395; x_wconf 77' lang='lat' dir='ltr'>Cir·</span> <span class='ocrx_word' id='word_1_55' title='bbox 1111 1312 1138 1385; x_wconf 77' lang='grc' dir='ltr'><strong>Β</strong></span> 
     </span>
    </p>
   </div>
   <div class='ocr_carea' id='block_1_5' title="bbox 301 1407 1070 2236">
    <p class='ocr_par' dir='ltr' id='par_1_5' title="bbox 301 1407 1069 1787">
     <span class='ocr_line' id='line_1_11' title="bbox 302 1407 1069 1505; baseline 0.034 -30"><span class='ocrx_word' id='word_1_56' title='bbox 302 1407 432 1497; x_wconf 72' lang='lat' dir='ltr'>rodini.</span> <span class='ocrx_word' id='word_1_57' title='bbox 458 1411 566 1505; x_wconf 88' lang='lat' dir='ltr'>Quod</span> <span class='ocrx_word' id='word_1_58' title='bbox 602 1413 649 1489; x_wconf 81' lang='lat' dir='ltr'>est</span> <span class='ocrx_word' id='word_1_59' title='bbox 684 1416 726 1490; x_wconf 90' lang='lat' dir='ltr'>ad</span> <span class='ocrx_word' id='word_1_60' title='bbox 753 1424 947 1497; x_wconf 80' lang='lat' dir='ltr'>manual-es</span> <span class='ocrx_word' id='word_1_61' title='bbox 972 1425 1069 1500; x_wconf 87' lang='lat' dir='ltr'>Bali·</span> 
     </span>
     <span class='ocr_line' id='line_1_12' title="bbox 301 1502 1069 1620; baseline 0.029 -40"><span class='ocrx_word' id='word_1_62' title='bbox 301 1502 391 1592; x_wconf 82' lang='lat' dir='ltr'>llas,</span> <span class='ocrx_word' id='word_1_63' title='bbox 416 1512 654 1592; x_wconf 75' lang='lat' dir='ltr'>creciacenfis</span> <span class='ocrx_word' id='word_1_64' title='bbox 680 1521 808 1620; x_wconf 89' lang='lat' dir='ltr'>proelii</span> <span class='ocrx_word' id='word_1_65' title='bbox 836 1523 929 1599; x_wconf 77' lang='lat' dir='ltr'>fasir</span> <span class='ocrx_word' id='word_1_66' title='bbox 945 1525 993 1600; x_wconf 82' lang='lat' dir='ltr'>est</span> <span class='ocrx_word' id='word_1_67' title='bbox 1015 1527 1069 1602; x_wconf 92' lang='lat' dir='ltr'>su·</span> 
     </span>
     <span class='ocr_line' id='line_1_13' title="bbox 302 1615 1069 1787; baseline 0.029 -104"><span class='ocrx_word' id='word_1_68' title='bbox 302 1635 364 1787; x_wconf 53' lang='grc' dir='ltr'>ἕο</span> <span class='ocrx_word' id='word_1_69' title='bbox 406 1615 568 1693; x_wconf 88' lang='lat' dir='ltr'>mentio.</span> <span class='ocrx_word' id='word_1_70' title='bbox 593 1622 719 1697; x_wconf 82' lang='lat' dir='ltr'>&#39;Nunc</span> <span class='ocrx_word' id='word_1_71' title='bbox 753 1623 985 1717; x_wconf 88' lang='lat' dir='ltr'>addendum,</span> <span class='ocrx_word' id='word_1_72' title='bbox 1025 1633 1069 1705; x_wconf 80' lang='lat' dir='ltr'>ab</span> 
     </span>
    </p>

    <p class='ocr_par' dir='ltr' id='par_1_6' title="bbox 301 1713 1070 2236">
     <span class='ocr_line' id='line_1_14' title="bbox 344 1713 1070 1817; baseline 0.026 -30"><span class='ocrx_word' id='word_1_73' title='bbox 344 1713 495 1793; x_wconf 84' lang='lat' dir='ltr'>istoricis</span> <span class='ocrx_word' id='word_1_74' title='bbox 522 1718 649 1811; x_wconf 85' lang='lat' dir='ltr'>tradi,</span> <span class='ocrx_word' id='word_1_75' title='bbox 663 1725 840 1815; x_wconf 74' lang='lat' dir='ltr'>Cannenses</span> <span class='ocrx_word' id='word_1_76' title='bbox 858 1729 1070 1817; x_wconf 71' lang='lat' dir='ltr'>Bulijiarier,</span> 
     </span>
     <span class='ocr_line' id='line_1_15' title="bbox 303 1812 1069 1916; baseline 0.03 -30"><span class='ocrx_word' id='word_1_77' title='bbox 303 1812 346 1887; x_wconf 92' lang='lat' dir='ltr'>ad</span> <span class='ocrx_word' id='word_1_78' title='bbox 373 1815 531 1916; x_wconf 90' lang='lat' dir='ltr'>quinque</span> <span class='ocrx_word' id='word_1_79' title='bbox 557 1839 622 1894; x_wconf 83' lang='lat' dir='ltr'>aut</span> <span class='ocrx_word' id='word_1_80' title='bbox 643 1819 704 1896; x_wconf 83' lang='lat' dir='ltr'>serr</span> <span class='ocrx_word' id='word_1_81' title='bbox 730 1824 851 1903; x_wconf 84' lang='lat' dir='ltr'>millia</span> <span class='ocrx_word' id='word_1_82' title='bbox 878 1856 898 1903; x_wconf 89' lang='lat' dir='ltr'>a</span> <span class='ocrx_word' id='word_1_83' title='bbox 923 1834 1069 1912; x_wconf 77' lang='lat' dir='ltr'>Gallim</span> 
     </span>
     <span class='ocr_line' id='line_1_16' title="bbox 304 1917 1067 2019; baseline 0.034 -30"><span class='ocrx_word' id='word_1_84' title='bbox 304 1917 401 2017; x_wconf 86' lang='lat' dir='ltr'>Rege</span> <span class='ocrx_word' id='word_1_85' title='bbox 426 1937 521 2004; x_wconf 84' lang='lat' dir='ltr'>tunc</span> <span class='ocrx_word' id='word_1_86' title='bbox 541 1922 761 2007; x_wconf 69' lang='lat' dir='ltr'>conduslos,</span> <span class='ocrx_word' id='word_1_87' title='bbox 790 1930 925 2019; x_wconf 79' lang='lat' dir='ltr'>primos</span> <span class='ocrx_word' id='word_1_88' title='bbox 952 1932 994 2006; x_wconf 93' lang='lat' dir='ltr'>ad</span> <span class='ocrx_word' id='word_1_89' title='bbox 1024 1935 1067 2015; x_wconf 91' lang='lat' dir='ltr'>il·</span> 
     </span>
     <span class='ocr_line' id='line_1_17' title="bbox 304 2017 1067 2124; baseline 0.031 -33"><span class='ocrx_word' id='word_1_90' title='bbox 304 2017 366 2103; x_wconf 84' lang='lat' dir='ltr'>lud</span> <span class='ocrx_word' id='word_1_91' title='bbox 392 2039 571 2107; x_wconf 74' lang='lat' dir='ltr'>certamen</span> <span class='ocrx_word' id='word_1_92' title='bbox 599 2024 772 2124; x_wconf 86' lang='lat' dir='ltr'>impulsos</span> <span class='ocrx_word' id='word_1_93' title='bbox 797 2028 919 2108; x_wconf 76' lang='lat' dir='ltr'>suifl&#39;e.</span> <span class='ocrx_word' id='word_1_94' title='bbox 947 2039 1067 2114; x_wconf 90' lang='lat' dir='ltr'>Meze-</span> 
     </span>
     <span class='ocr_line' id='line_1_18' title="bbox 301 2121 1068 2236; baseline 0.03 -42"><span class='ocrx_word' id='word_1_95' title='bbox 301 2145 406 2214; x_wconf 82' lang='lat' dir='ltr'>rayus</span> <span class='ocrx_word' id='word_1_96' title='bbox 424 2121 466 2201; x_wconf 90' lang='lat' dir='ltr'>in</span> <span class='ocrx_word' id='word_1_97' title='bbox 486 2125 619 2204; x_wconf 72' lang='lat' dir='ltr'>Histor.</span> <span class='ocrx_word' id='word_1_98' title='bbox 639 2129 780 2207; x_wconf 87' lang='lat' dir='ltr'>Gallica</span> <span class='ocrx_word' id='word_1_99' title='bbox 799 2156 940 2225; x_wconf 89' lang='lat' dir='ltr'>narrat,</span> <span class='ocrx_word' id='word_1_100' title='bbox 959 2162 1068 2236; x_wconf 82' lang='lat' dir='ltr'>quum</span> 
     </span>
    </p>
   </div>
   <div class='ocr_carea' id='block_1_6' title="bbox 1183 496 1988 1287">
    <p class='ocr_par' dir='ltr' id='par_1_7' title="bbox 1183 496 1988 1287">
     <span class='ocr_line' id='line_1_19' title="bbox 1183 496 1954 596; baseline 0 -26"><span class='ocrx_word' id='word_1_101' title='bbox 1183 523 1220 592; x_wconf 80' lang='lat'>4.</span> <span class='ocrx_word' id='word_1_102' title='bbox 1246 496 1334 596; x_wconf 84' lang='lat' dir='ltr'>Cap.</span> <span class='ocrx_word' id='word_1_103' title='bbox 1362 517 1422 592; x_wconf 86' lang='lat'>37.</span> <span class='ocrx_word' id='word_1_104' title='bbox 1461 519 1537 595; x_wconf 87' lang='lat' dir='ltr'>pag.</span> <span class='ocrx_word' id='word_1_105' title='bbox 1567 516 1652 593; x_wconf 80' lang='lat'>335.</span> <span class='ocrx_word' id='word_1_106' title='bbox 1690 498 1826 570; x_wconf 86' lang='lat' dir='ltr'>Romae</span> <span class='ocrx_word' id='word_1_107' title='bbox 1864 497 1954 572; x_wconf 88' lang='lat' dir='ltr'>Sub·</span> 
     </span>
     <span class='ocr_line' id='line_1_20' title="bbox 1183 596 1954 696; baseline 0.001 -23"><span class='ocrx_word' id='word_1_108' title='bbox 1183 616 1267 674; x_wconf 86' lang='lat' dir='ltr'>terr.</span> <span class='ocrx_word' id='word_1_109' title='bbox 1305 597 1368 696; x_wconf 88' lang='lat' dir='ltr'>qui</span> <span class='ocrx_word' id='word_1_110' title='bbox 1403 603 1587 696; x_wconf 80' lang='lat' dir='ltr'>antiquam</span> <span class='ocrx_word' id='word_1_111' title='bbox 1615 598 1792 671; x_wconf 89' lang='lat' dir='ltr'>Tabulam</span> <span class='ocrx_word' id='word_1_112' title='bbox 1820 596 1954 691; x_wconf 78' lang='lat' dir='ltr'>refert,</span> 
     </span>
     <span class='ocr_line' id='line_1_21' title="bbox 1185 696 1954 800; baseline 0.001 -24"><span class='ocrx_word' id='word_1_113' title='bbox 1185 700 1444 800; x_wconf 77' lang='lat' dir='ltr'>exprimentem</span> <span class='ocrx_word' id='word_1_114' title='bbox 1482 696 1691 792; x_wconf 85' lang='lat' dir='ltr'>martyrium</span> <span class='ocrx_word' id='word_1_115' title='bbox 1727 698 1848 776; x_wconf 71' lang='lat' dir='ltr'>Sansli</span> <span class='ocrx_word' id='word_1_116' title='bbox 1890 706 1954 777; x_wconf 82' lang='lat' dir='ltr'>Sc·</span> 
     </span>
     <span class='ocr_line' id='line_1_22' title="bbox 1187 799 1954 890; baseline 0.001 -12"><span class='ocrx_word' id='word_1_117' title='bbox 1187 800 1357 890; x_wconf 89' lang='lat' dir='ltr'>balliani,</span> <span class='ocrx_word' id='word_1_118' title='bbox 1391 799 1454 874; x_wconf 90' lang='lat' dir='ltr'>ubi</span> <span class='ocrx_word' id='word_1_119' title='bbox 1490 799 1706 882; x_wconf 88' lang='lat' dir='ltr'>delineatum</span> <span class='ocrx_word' id='word_1_120' title='bbox 1744 827 1862 876; x_wconf 87' lang='lat' dir='ltr'>cernes</span> <span class='ocrx_word' id='word_1_121' title='bbox 1900 802 1954 879; x_wconf 92' lang='lat' dir='ltr'>ri·</span> 
     </span>
     <span class='ocr_line' id='line_1_23' title="bbox 1186 901 1955 994; baseline 0.001 -16"><span class='ocrx_word' id='word_1_122' title='bbox 1186 925 1263 980; x_wconf 90' lang='lat' dir='ltr'>tum</span> <span class='ocrx_word' id='word_1_123' title='bbox 1292 904 1385 977; x_wconf 91' lang='lat' dir='ltr'>hunc</span> <span class='ocrx_word' id='word_1_124' title='bbox 1412 901 1554 976; x_wconf 86' lang='lat' dir='ltr'>tenendi</span> <span class='ocrx_word' id='word_1_125' title='bbox 1583 901 1727 975; x_wconf 78' lang='lat' dir='ltr'>Balisias</span> <span class='ocrx_word' id='word_1_126' title='bbox 1745 907 1955 994; x_wconf 86' lang='lat' dir='ltr'>manuales,</span> 
     </span>
     <span class='ocr_line' id='line_1_24' title="bbox 1187 1000 1988 1103; baseline -0.001 -22"><span class='ocrx_word' id='word_1_127' title='bbox 1187 1004 1227 1083; x_wconf 79' lang='lat' dir='ltr'>dc</span> <span class='ocrx_word' id='word_1_128' title='bbox 1262 1005 1497 1103; x_wconf 80' lang='lat' dir='ltr'>imponendae</span> <span class='ocrx_word' id='word_1_129' title='bbox 1533 1000 1699 1102; x_wconf 83' lang='lat' dir='ltr'>sagittae.</span> <span class='ocrx_word' id='word_1_130' title='bbox 1732 1005 1988 1094; x_wconf 61' lang='lat' dir='ltr'>Guilielmus,</span> 
     </span>
     <span class='ocr_line' id='line_1_25' title="bbox 1186 1101 1955 1210; baseline -0.001 -26"><span class='ocrx_word' id='word_1_131' title='bbox 1186 1136 1329 1210; x_wconf 80' lang='lat' dir='ltr'>quoqne</span> <span class='ocrx_word' id='word_1_132' title='bbox 1349 1107 1452 1181; x_wconf 86' lang='lat' dir='ltr'>Brito</span> <span class='ocrx_word' id='word_1_133' title='bbox 1475 1106 1558 1182; x_wconf 88' lang='lat' dir='ltr'>Lib.</span> <span class='ocrx_word' id='word_1_134' title='bbox 1578 1124 1613 1202; x_wconf 87' lang='lat'>7.</span> <span class='ocrx_word' id='word_1_135' title='bbox 1637 1101 1831 1202; x_wconf 87' lang='lat' dir='ltr'>Philippid.</span> <span class='ocrx_word' id='word_1_136' title='bbox 1845 1133 1955 1192; x_wconf 68' lang='lat' dir='ltr'>‚eum-</span> 
     </span>
     <span class='ocr_line' id='line_1_26' title="bbox 1187 1203 1874 1287; baseline -0.004 -2"><span class='ocrx_word' id='word_1_137' title='bbox 1187 1213 1267 1287; x_wconf 90' lang='lat' dir='ltr'>dem</span> <span class='ocrx_word' id='word_1_138' title='bbox 1296 1236 1431 1286; x_wconf 87' lang='lat' dir='ltr'>morem</span> <span class='ocrx_word' id='word_1_139' title='bbox 1459 1207 1626 1283; x_wconf 85' lang='lat' dir='ltr'>describit</span> <span class='ocrx_word' id='word_1_140' title='bbox 1654 1203 1754 1282; x_wconf 87' lang='lat' dir='ltr'>versu</span> <span class='ocrx_word' id='word_1_141' title='bbox 1780 1205 1874 1282; x_wconf 84' lang='lat' dir='ltr'>illo:</span> 
     </span>
    </p>
   </div>
   <div class='ocr_carea' id='block_1_7' title="bbox 1238 1410 1953 1616">
    <p class='ocr_par' dir='ltr' id='par_1_8' title="bbox 1238 1410 1953 1616">
     <span class='ocr_line' id='line_1_27' title="bbox 1238 1410 1953 1536; baseline 0.001 -46"><span class='ocrx_word' id='word_1_142' title='bbox 1238 1415 1382 1536; x_wconf 66' lang='lat' dir='ltr'>Ballista</span> <span class='ocrx_word' id='word_1_143' title='bbox 1407 1413 1531 1513; x_wconf 73' lang='lat' dir='ltr'>duplici</span> <span class='ocrx_word' id='word_1_144' title='bbox 1555 1413 1647 1486; x_wconf 80' lang='lat' dir='ltr'>rcnrd</span> <span class='ocrx_word' id='word_1_145' title='bbox 1668 1414 1749 1510; x_wconf 74' lang='lat' dir='ltr'>pede</span> <span class='ocrx_word' id='word_1_146' title='bbox 1775 1410 1866 1511; x_wconf 64' lang='lat' dir='ltr'>misle</span> <span class='ocrx_word' id='word_1_147' title='bbox 1886 1419 1953 1491; x_wconf 74' lang='lat' dir='ltr'>sa·</span> 
     </span>
     <span class='ocr_line' id='line_1_28' title="bbox 1335 1539 1443 1616; baseline 0.028 -26"><span class='ocrx_word' id='word_1_148' title='bbox 1335 1539 1443 1616; x_wconf 78' lang='lat' dir='ltr'>gnra.</span> 
     </span>
    </p>
   </div>
   <div class='ocr_carea' id='block_1_8' title="bbox 1186 1718 1996 2105">
    <p class='ocr_par' dir='ltr' id='par_1_9' title="bbox 1186 1718 1996 2105">
     <span class='ocr_line' id='line_1_29' title="bbox 1186 1718 1996 1822; baseline 0.002 -25"><span class='ocrx_word' id='word_1_149' title='bbox 1186 1729 1295 1798; x_wconf 74' lang='lat' dir='ltr'>Areus</span> <span class='ocrx_word' id='word_1_150' title='bbox 1313 1726 1398 1797; x_wconf 80' lang='lat' dir='ltr'>verb</span> <span class='ocrx_word' id='word_1_151' title='bbox 1423 1718 1634 1821; x_wconf 81' lang='lat' dir='ltr'>Sagittarius</span> <span class='ocrx_word' id='word_1_152' title='bbox 1660 1746 1732 1795; x_wconf 90' lang='lat' dir='ltr'>non</span> <span class='ocrx_word' id='word_1_153' title='bbox 1760 1719 1867 1822; x_wconf 90' lang='lat' dir='ltr'>pede,</span> <span class='ocrx_word' id='word_1_154' title='bbox 1893 1721 1952 1798; x_wconf 78' lang='lat' dir='ltr'>sed</span> <span class='ocrx_word' id='word_1_155' title='bbox 1992 1792 1996 1799; x_wconf 92' lang='lat'>.</span> 
     </span>
     <span class='ocr_line' id='line_1_30' title="bbox 1187 1824 1953 1923; baseline 0 -25"><span class='ocrx_word' id='word_1_156' title='bbox 1187 1851 1294 1900; x_wconf 90' lang='lat' dir='ltr'>manu</span> <span class='ocrx_word' id='word_1_157' title='bbox 1330 1825 1566 1914; x_wconf 87' lang='lat' dir='ltr'>tendebatur,</span> <span class='ocrx_word' id='word_1_158' title='bbox 1600 1849 1640 1896; x_wconf 91' lang='lat' dir='ltr'>ac</span> <span class='ocrx_word' id='word_1_159' title='bbox 1676 1843 1858 1923; x_wconf 90' lang='lat' dir='ltr'>propterea</span> <span class='ocrx_word' id='word_1_160' title='bbox 1893 1824 1953 1898; x_wconf 88' lang='lat' dir='ltr'>di-</span> 
     </span>
     <span class='ocr_line' id='line_1_31' title="bbox 1187 1924 1956 2023; baseline 0 -22"><span class='ocrx_word' id='word_1_161' title='bbox 1187 1926 1337 2002; x_wconf 90' lang='lat' dir='ltr'>scrimen</span> <span class='ocrx_word' id='word_1_162' title='bbox 1365 1926 1452 2001; x_wconf 83' lang='lat' dir='ltr'>istud</span> <span class='ocrx_word' id='word_1_163' title='bbox 1481 1925 1608 1999; x_wconf 86' lang='lat' dir='ltr'>sentias</span> <span class='ocrx_word' id='word_1_164' title='bbox 1629 1925 1667 1998; x_wconf 93' lang='lat' dir='ltr'>in</span> <span class='ocrx_word' id='word_1_165' title='bbox 1687 1924 1839 2023; x_wconf 85' lang='lat' dir='ltr'>ejusdem</span> <span class='ocrx_word' id='word_1_166' title='bbox 1860 1925 1956 2002; x_wconf 82' lang='lat' dir='ltr'>Gui-</span> 
     </span>
     <span class='ocr_line' id='line_1_32' title="bbox 1188 2026 1853 2105; baseline -0.006 -2"><span class='ocrx_word' id='word_1_167' title='bbox 1188 2028 1306 2105; x_wconf 89' lang='lat' dir='ltr'>lielmi</span> <span class='ocrx_word' id='word_1_168' title='bbox 1334 2028 1485 2104; x_wconf 82' lang='lat' dir='ltr'>verfibus</span> <span class='ocrx_word' id='word_1_169' title='bbox 1512 2027 1596 2105; x_wconf 89' lang='lat' dir='ltr'>Lib.</span> <span class='ocrx_word' id='word_1_170' title='bbox 1623 2051 1658 2102; x_wconf 83' lang='lat' dir='ltr'>a.</span> <span class='ocrx_word' id='word_1_171' title='bbox 1685 2026 1747 2101; x_wconf 92' lang='lat' dir='ltr'>ubi</span> <span class='ocrx_word' id='word_1_172' title='bbox 1772 2027 1853 2101; x_wconf 75' lang='lat' dir='ltr'>aits</span> 
     </span>
    </p>
   </div>
   <div class='ocr_carea' id='block_1_9' title="bbox 304 2220 1955 2333">
    <p class='ocr_par' dir='ltr' id='par_1_10' title="bbox 304 2220 1955 2333">
     <span class='ocr_line' id='line_1_33' title="bbox 304 2220 1955 2333; baseline 0.005 -36"><span class='ocrx_word' id='word_1_173' title='bbox 304 2246 349 2298; x_wconf 86' lang='lat' dir='ltr'>ex</span> <span class='ocrx_word' id='word_1_174' title='bbox 368 2220 566 2324; x_wconf 84' lang='lat' dir='ltr'>improviso</span> <span class='ocrx_word' id='word_1_175' title='bbox 581 2230 764 2311; x_wconf 83' lang='lat' dir='ltr'>cecidisset</span> <span class='ocrx_word' id='word_1_176' title='bbox 787 2233 903 2313; x_wconf 87' lang='lat' dir='ltr'>imber</span> <span class='ocrx_word' id='word_1_177' title='bbox 920 2240 1069 2333; x_wconf 75' lang='lat' dir='ltr'>essusm,</span> <span class='ocrx_word' id='word_1_178' title='bbox 1108 2254 1140 2326; x_wconf 87' lang='lat' dir='ltr'>C</span> <span class='ocrx_word' id='word_1_179' title='bbox 1239 2240 1307 2310; x_wconf 80' lang='lat' dir='ltr'>Ner</span> <span class='ocrx_word' id='word_1_180' title='bbox 1345 2255 1453 2309; x_wconf 72' lang='lat' dir='ltr'>rumen</span> <span class='ocrx_word' id='word_1_181' title='bbox 1492 2234 1611 2306; x_wconf 78' lang='lat' dir='ltr'>interea</span> <span class='ocrx_word' id='word_1_182' title='bbox 1649 2226 1740 2328; x_wconf 67' lang='lat' dir='ltr'>uffae</span> <span class='ocrx_word' id='word_1_183' title='bbox 1779 2229 1955 2325; x_wconf 73' lang='lat' dir='ltr'>Ballista,</span> 
     </span>
    </p>
   </div>
   <div class='ocr_carea' id='block_1_10' title="bbox 300 2325 1071 3138">
    <p class='ocr_par' dir='ltr' id='par_1_11' title="bbox 300 2325 1071 3138">
     <span class='ocr_line' id='line_1_34' title="bbox 302 2325 1069 2444; baseline 0.027 -46"><span class='ocrx_word' id='word_1_184' title='bbox 302 2325 504 2405; x_wconf 75' lang='lat' dir='ltr'>Genuenses</span> <span class='ocrx_word' id='word_1_185' title='bbox 533 2331 576 2409; x_wconf 93' lang='lat' dir='ltr'>ad</span> <span class='ocrx_word' id='word_1_186' title='bbox 604 2359 756 2436; x_wconf 86' lang='lat' dir='ltr'>pugnam</span> <span class='ocrx_word' id='word_1_187' title='bbox 785 2339 903 2415; x_wconf 84' lang='lat' dir='ltr'>lentos</span> <span class='ocrx_word' id='word_1_188' title='bbox 932 2345 1069 2444; x_wconf 89' lang='lat' dir='ltr'>proces-</span> 
     </span>
     <span class='ocr_line' id='line_1_35' title="bbox 303 2423 1070 2528; baseline 0.033 -29"><span class='ocrx_word' id='word_1_189' title='bbox 303 2423 398 2519; x_wconf 80' lang='lat' dir='ltr'>flue,</span> <span class='ocrx_word' id='word_1_190' title='bbox 424 2431 520 2528; x_wconf 87' lang='lat' dir='ltr'>quod</span> <span class='ocrx_word' id='word_1_191' title='bbox 547 2437 800 2513; x_wconf 85' lang='lat' dir='ltr'>contenderent</span> <span class='ocrx_word' id='word_1_192' title='bbox 819 2468 962 2519; x_wconf 88' lang='lat' dir='ltr'>arcuum</span> <span class='ocrx_word' id='word_1_193' title='bbox 991 2446 1070 2523; x_wconf 87' lang='lat' dir='ltr'>suo·</span> 
     </span>
     <span class='ocr_line' id='line_1_36' title="bbox 302 2534 1071 2644; baseline 0.03 -40"><span class='ocrx_word' id='word_1_194' title='bbox 302 2552 381 2615; x_wconf 84' lang='lat' dir='ltr'>tum</span> <span class='ocrx_word' id='word_1_195' title='bbox 430 2534 576 2610; x_wconf 85' lang='lat' dir='ltr'>chordas</span> <span class='ocrx_word' id='word_1_196' title='bbox 616 2565 636 2611; x_wconf 90' lang='lat' dir='ltr'>a</span> <span class='ocrx_word' id='word_1_197' title='bbox 676 2541 800 2639; x_wconf 84' lang='lat' dir='ltr'>pluvia</span> <span class='ocrx_word' id='word_1_198' title='bbox 837 2543 1071 2644; x_wconf 77' lang='lat' dir='ltr'>debilitatus,</span> 
     </span>
     <span class='ocr_line' id='line_1_37' title="bbox 304 2627 1068 2750; baseline 0.027 -43"><span class='ocrx_word' id='word_1_199' title='bbox 304 2627 408 2731; x_wconf 80' lang='lat' dir='ltr'>seque</span> <span class='ocrx_word' id='word_1_200' title='bbox 436 2656 619 2736; x_wconf 86' lang='lat' dir='ltr'>propterea</span> <span class='ocrx_word' id='word_1_201' title='bbox 644 2639 861 2740; x_wconf 83' lang='lat' dir='ltr'>impotentes</span> <span class='ocrx_word' id='word_1_202' title='bbox 888 2650 930 2724; x_wconf 89' lang='lat' dir='ltr'>ad</span> <span class='ocrx_word' id='word_1_203' title='bbox 968 2678 1068 2750; x_wconf 84' lang='lat' dir='ltr'>proe-</span> 
     </span>
     <span class='ocr_line' id='line_1_38' title="bbox 301 2731 1069 2845; baseline 0.025 -38"><span class='ocrx_word' id='word_1_204' title='bbox 301 2731 425 2835; x_wconf 78' lang='lat' dir='ltr'>lium3</span> <span class='ocrx_word' id='word_1_205' title='bbox 453 2740 562 2835; x_wconf 70' lang='lat' dir='ltr'>eique</span> <span class='ocrx_word' id='word_1_206' title='bbox 588 2739 631 2828; x_wconf 84' lang='lat' dir='ltr'>de</span> <span class='ocrx_word' id='word_1_207' title='bbox 657 2741 774 2815; x_wconf 79' lang='lat' dir='ltr'>caussd</span> <span class='ocrx_word' id='word_1_208' title='bbox 800 2748 921 2820; x_wconf 78' lang='lat' dir='ltr'>veluti.</span> <span class='ocrx_word' id='word_1_209' title='bbox 948 2751 1069 2845; x_wconf 86' lang='lat' dir='ltr'>prodi·</span> 
     </span>
     <span class='ocr_line' id='line_1_39' title="bbox 301 2835 1069 2937; baseline 0.029 -32"><span class='ocrx_word' id='word_1_210' title='bbox 301 2851 397 2907; x_wconf 83' lang='lat' dir='ltr'>tores</span> <span class='ocrx_word' id='word_1_211' title='bbox 432 2860 453 2908; x_wconf 85' lang='lat' dir='ltr'>a</span> <span class='ocrx_word' id='word_1_212' title='bbox 488 2835 775 2937; x_wconf 84' lang='lat' dir='ltr'>subsequentibus</span> <span class='ocrx_word' id='word_1_213' title='bbox 815 2841 918 2922; x_wconf 85' lang='lat' dir='ltr'>iratis</span> <span class='ocrx_word' id='word_1_214' title='bbox 952 2852 1069 2928; x_wconf 84' lang='lat' dir='ltr'>Gallis</span> 
     </span>
     <span class='ocr_line' id='line_1_40' title="bbox 302 2931 1069 3046; baseline 0.029 -38"><span class='ocrx_word' id='word_1_215' title='bbox 302 2931 403 3010; x_wconf 84' lang='lat' dir='ltr'>suilie</span> <span class='ocrx_word' id='word_1_216' title='bbox 429 2937 666 3018; x_wconf 86' lang='lat' dir='ltr'>trucidatos..</span> <span class='ocrx_word' id='word_1_217' title='bbox 682 2941 780 3018; x_wconf 80' lang='lat' dir='ltr'>Audi</span> <span class='ocrx_word' id='word_1_218' title='bbox 807 2972 901 3046; x_wconf 90' lang='lat' dir='ltr'>nunc</span> <span class='ocrx_word' id='word_1_219' title='bbox 931 2950 1069 3029; x_wconf 79' lang='lat' dir='ltr'>Audio·</span> 
     </span>
     <span class='ocr_line' id='line_1_41' title="bbox 300 3039 1069 3138; baseline 0.025 -24"><span class='ocrx_word' id='word_1_220' title='bbox 300 3063 374 3114; x_wconf 87' lang='lat' dir='ltr'>rem</span> <span class='ocrx_word' id='word_1_221' title='bbox 412 3039 522 3115; x_wconf 86' lang='lat' dir='ltr'>Vitae</span> <span class='ocrx_word' id='word_1_222' title='bbox 562 3042 708 3119; x_wconf 88' lang='lat' dir='ltr'>Nicolai</span> <span class='ocrx_word' id='word_1_223' title='bbox 748 3050 963 3138; x_wconf 87' lang='lat' dir='ltr'>Laurentii,</span> <span class='ocrx_word' id='word_1_224' title='bbox 1000 3055 1069 3134; x_wconf 82' lang='lat' dir='ltr'>sire</span> 
     </span>
    </p>
   </div>
   <div class='ocr_carea' id='block_1_11' title="bbox 1237 2339 1955 2638">
    <p class='ocr_par' dir='ltr' id='par_1_12' title="bbox 1237 2339 1955 2638">
     <span class='ocr_line' id='line_1_42' title="bbox 1340 2339 1557 2409; baseline -0.014 0"><span class='ocrx_word' id='word_1_225' title='bbox 1340 2339 1397 2409; x_wconf 83' lang='lat' dir='ltr'>ves</span> <span class='ocrx_word' id='word_1_226' title='bbox 1422 2345 1557 2409; x_wconf 71' lang='lat' dir='ltr'>Areus:</span> 
     </span>
     <span class='ocr_line' id='line_1_43' title="bbox 1237 2434 1955 2535; baseline -0.003 -27"><span class='ocrx_word' id='word_1_227' title='bbox 1237 2439 1431 2535; x_wconf 71' lang='lat' dir='ltr'>‚quadrellos</span> <span class='ocrx_word' id='word_1_228' title='bbox 1459 2440 1535 2512; x_wconf 74' lang='lat' dir='ltr'>bare</span> <span class='ocrx_word' id='word_1_229' title='bbox 1558 2435 1777 2535; x_wconf 76' lang='lat' dir='ltr'>multiplicat,</span> <span class='ocrx_word' id='word_1_230' title='bbox 1799 2434 1890 2527; x_wconf 75' lang='lat' dir='ltr'>pluit</span> <span class='ocrx_word' id='word_1_231' title='bbox 1907 2434 1955 2509; x_wconf 76' lang='lat' dir='ltr'>ii·</span> 
     </span>
     <span class='ocr_line' id='line_1_44' title="bbox 1339 2541 1566 2638; baseline 0.004 -25"><span class='ocrx_word' id='word_1_232' title='bbox 1339 2543 1370 2613; x_wconf 79' lang='lat' dir='ltr'>se</span> <span class='ocrx_word' id='word_1_233' title='bbox 1394 2541 1566 2638; x_wconf 75' lang='lat' dir='ltr'>sagittar.</span> 
     </span>
    </p>
   </div>
   <div class='ocr_carea' id='block_1_12' title="bbox 1185 2736 1957 3147">
    <p class='ocr_par' dir='ltr' id='par_1_13' title="bbox 1185 2736 1957 3147">
     <span class='ocr_line' id='line_1_45' title="bbox 1187 2736 1957 2842; baseline 0 -28"><span class='ocrx_word' id='word_1_234' title='bbox 1187 2741 1361 2834; x_wconf 75' lang='lat' dir='ltr'>Quedrrllr‘</span> <span class='ocrx_word' id='word_1_235' title='bbox 1400 2738 1441 2815; x_wconf 82' lang='lat' dir='ltr'>dt</span> <span class='ocrx_word' id='word_1_236' title='bbox 1481 2739 1546 2842; x_wconf 81' lang='lat' dir='ltr'>ipss</span> <span class='ocrx_word' id='word_1_237' title='bbox 1587 2736 1745 2841; x_wconf 74' lang='lat' dir='ltr'>Sagittae</span> <span class='ocrx_word' id='word_1_238' title='bbox 1764 2736 1957 2827; x_wconf 69' lang='lat' dir='ltr'>suerunt,</span> 
     </span>
     <span class='ocr_line' id='line_1_46' title="bbox 1186 2840 1955 2942; baseline 0.004 -27"><span class='ocrx_word' id='word_1_239' title='bbox 1186 2842 1299 2917; x_wconf 86' lang='lat' dir='ltr'>sorma</span> <span class='ocrx_word' id='word_1_240' title='bbox 1326 2862 1466 2921; x_wconf 87' lang='lat' dir='ltr'>tantum</span> <span class='ocrx_word' id='word_1_241' title='bbox 1486 2861 1560 2918; x_wconf 26' lang='lat' dir='ltr'>aut.</span> <span class='ocrx_word' id='word_1_242' title='bbox 1575 2840 1685 2929; x_wconf 87' lang='lat' dir='ltr'>lerri,</span> <span class='ocrx_word' id='word_1_243' title='bbox 1712 2859 1774 2917; x_wconf 86' lang='lat' dir='ltr'>aut</span> <span class='ocrx_word' id='word_1_244' title='bbox 1798 2861 1955 2942; x_wconf 86' lang='lat' dir='ltr'>quatuor</span> 
     </span>
     <span class='ocr_line' id='line_1_47' title="bbox 1185 2939 1953 3047; baseline 0.001 -30"><span class='ocrx_word' id='word_1_245' title='bbox 1185 2947 1348 3036; x_wconf 86' lang='lat' dir='ltr'>alarum,</span> <span class='ocrx_word' id='word_1_246' title='bbox 1376 2974 1395 3020; x_wconf 90' lang='lat' dir='ltr'>a</span> <span class='ocrx_word' id='word_1_247' title='bbox 1423 2944 1628 3047; x_wconf 82' lang='lat' dir='ltr'>vulgaribus</span> <span class='ocrx_word' id='word_1_248' title='bbox 1655 2939 1832 3019; x_wconf 81' lang='lat' dir='ltr'>diversae.</span> <span class='ocrx_word' id='word_1_249' title='bbox 1872 2946 1953 3018; x_wconf 85' lang='lat' dir='ltr'>Ho-</span> 
     </span>
     <span class='ocr_line' id='line_1_48' title="bbox 1187 3045 1954 3147; baseline 0.001 -28"><span class='ocrx_word' id='word_1_250' title='bbox 1187 3046 1241 3122; x_wconf 92' lang='lat' dir='ltr'>sce</span> <span class='ocrx_word' id='word_1_251' title='bbox 1267 3049 1532 3147; x_wconf 80' lang='lat' dir='ltr'>ejaculabanrur</span> <span class='ocrx_word' id='word_1_252' title='bbox 1561 3046 1707 3129; x_wconf 76' lang='lat' dir='ltr'>Balissae</span> <span class='ocrx_word' id='word_1_253' title='bbox 1731 3062 1809 3119; x_wconf 89' lang='lat' dir='ltr'>tum</span> <span class='ocrx_word' id='word_1_254' title='bbox 1838 3045 1954 3146; x_wconf 88' lang='lat' dir='ltr'>majo·</span> 
     </span>
    </p>
   </div>
   <div class='ocr_carea' id='block_1_13' title="bbox 212 3140 1955 3252">
    <p class='ocr_par' dir='ltr' id='par_1_14' title="bbox 212 3140 1955 3252">
     <span class='ocr_line' id='line_1_49' title="bbox 212 3140 1955 3252; baseline 0.002 -36"><span class='ocrx_word' id='word_1_255' title='bbox 212 3219 215 3226; x_wconf 77' lang='grc'><strong>,</strong></span> <span class='ocrx_word' id='word_1_256' title='bbox 303 3140 482 3222; x_wconf 84' lang='lat' dir='ltr'>Historiae</span> <span class='ocrx_word' id='word_1_257' title='bbox 509 3148 689 3219; x_wconf 89' lang='lat' dir='ltr'>Romanae</span> <span class='ocrx_word' id='word_1_258' title='bbox 725 3146 763 3220; x_wconf 93' lang='lat' dir='ltr'>in</span> <span class='ocrx_word' id='word_1_259' title='bbox 797 3149 864 3224; x_wconf 86' lang='lat' dir='ltr'>boc</span> <span class='ocrx_word' id='word_1_260' title='bbox 891 3160 1007 3252; x_wconf 68' lang='lat' dir='ltr'>Opere</span> <span class='ocrx_word' id='word_1_261' title='bbox 1032 3185 1068 3232; x_wconf 62' lang='grc' dir='ltr'>ς.</span> <span class='ocrx_word' id='word_1_262' title='bbox 1109 3163 1142 3232; x_wconf 82' lang='lat' dir='ltr'>D</span> <span class='ocrx_word' id='word_1_263' title='bbox 1185 3175 1265 3238; x_wconf 80' lang='lat' dir='ltr'>res,</span> <span class='ocrx_word' id='word_1_264' title='bbox 1292 3169 1368 3221; x_wconf 88' lang='lat' dir='ltr'>tum</span> <span class='ocrx_word' id='word_1_265' title='bbox 1398 3147 1574 3222; x_wconf 88' lang='lat' dir='ltr'>minores.</span> <span class='ocrx_word' id='word_1_266' title='bbox 1601 3144 1790 3219; x_wconf 89' lang='lat' dir='ltr'>Modicum</span> <span class='ocrx_word' id='word_1_267' title='bbox 1817 3147 1955 3240; x_wconf 85' lang='lat' dir='ltr'>etiam,</span> 
     </span>
    </p>
   </div>
   <div class='ocr_carea' id='block_1_14' title="bbox 297 3241 1070 3646">
    <p class='ocr_par' dir='ltr' id='par_1_15' title="bbox 297 3241 1070 3646">
     <span class='ocr_line' id='line_1_50' title="bbox 302 3241 1068 3346; baseline 0.026 -31"><span class='ocrx_word' id='word_1_268' title='bbox 302 3241 455 3331; x_wconf 76' lang='lat' dir='ltr'>dendae,</span> <span class='ocrx_word' id='word_1_269' title='bbox 492 3244 555 3343; x_wconf 89' lang='lat' dir='ltr'>qui</span> <span class='ocrx_word' id='word_1_270' title='bbox 591 3245 637 3320; x_wconf 85' lang='lat' dir='ltr'>iis</span> <span class='ocrx_word' id='word_1_271' title='bbox 667 3245 755 3346; x_wconf 71' lang='lat' dir='ltr'>¹ipsis</span> <span class='ocrx_word' id='word_1_272' title='bbox 790 3249 912 3330; x_wconf 78' lang='lat' dir='ltr'>diebus</span> <span class='ocrx_word' id='word_1_273' title='bbox 940 3257 1068 3334; x_wconf 88' lang='lat' dir='ltr'>scribe-</span> 
     </span>
     <span class='ocr_line' id='line_1_51' title="bbox 297 3343 1069 3458; baseline 0.017 -37"><span class='ocrx_word' id='word_1_274' title='bbox 297 3343 383 3421; x_wconf 70' lang='lat' dir='ltr'>&#39;bata</span> <span class='ocrx_word' id='word_1_275' title='bbox 413 3346 485 3419; x_wconf 74' lang='lat' dir='ltr'>Era</span> <span class='ocrx_word' id='word_1_276' title='bbox 502 3345 595 3433; x_wconf 78' lang='lat' dir='ltr'>stata</span> <span class='ocrx_word' id='word_1_277' title='bbox 620 3347 769 3447; x_wconf 79' lang='lat' dir='ltr'>(inquit</span> <span class='ocrx_word' id='word_1_278' title='bbox 792 3350 902 3457; x_wconf 85' lang='lat' dir='ltr'>ille)</span> <span class='ocrx_word' id='word_1_279' title='bbox 929 3387 973 3431; x_wconf 79' lang='lat' dir='ltr'>err</span> <span class='ocrx_word' id='word_1_280' title='bbox 997 3383 1069 3458; x_wconf 80' lang='lat' dir='ltr'>paco</span> 
     </span>
     <span class='ocr_line' id='line_1_52' title="bbox 300 3446 1070 3553; baseline 0.022 -33"><span class='ocrx_word' id='word_1_281' title='bbox 300 3448 338 3520; x_wconf 66' lang='lat' dir='ltr'>ee·</span> <span class='ocrx_word' id='word_1_282' title='bbox 369 3446 577 3541; x_wconf 66' lang='lat' dir='ltr'>pinarella.</span> <span class='ocrx_word' id='word_1_283' title='bbox 615 3455 668 3525; x_wconf 72' lang='lat' dir='ltr'>Le</span> <span class='ocrx_word' id='word_1_284' title='bbox 701 3472 787 3525; x_wconf 80' lang='lat' dir='ltr'>rem</span> <span class='ocrx_word' id='word_1_285' title='bbox 819 3482 875 3529; x_wconf 78' lang='lat' dir='ltr'>era</span> <span class='ocrx_word' id='word_1_286' title='bbox 912 3460 1019 3553; x_wconf 72' lang='lat' dir='ltr'>infusa</span> <span class='ocrx_word' id='word_1_287' title='bbox 1053 3494 1070 3537; x_wconf 86' lang='lat' dir='ltr'>r</span> 
     </span>
     <span class='ocr_line' id='line_1_53' title="bbox 299 3552 1068 3646; baseline 0.027 -28"><span class='ocrx_word' id='word_1_288' title='bbox 299 3552 411 3633; x_wconf 66' lang='lat' dir='ltr'>molle.</span> <span class='ocrx_word' id='word_1_289' title='bbox 438 3556 581 3646; x_wconf 73' lang='lat' dir='ltr'>Quam</span> <span class='ocrx_word' id='word_1_290' title='bbox 605 3554 764 3628; x_wconf 68' lang='lat' dir='ltr'>numano</span> <span class='ocrx_word' id='word_1_291' title='bbox 788 3559 924 3636; x_wconf 77' lang='lat' dir='ltr'>caricare</span> <span class='ocrx_word' id='word_1_292' title='bbox 946 3565 983 3636; x_wconf 79' lang='lat' dir='ltr'>la</span> <span class='ocrx_word' id='word_1_293' title='bbox 1003 3563 1068 3639; x_wconf 76' lang='lat' dir='ltr'>Va·</span> 
     </span>
    </p>
   </div>
   <div class='ocr_carea' id='block_1_15' title="bbox 293 3651 1070 4046">
    <p class='ocr_par' dir='ltr' id='par_1_16' title="bbox 293 3651 1070 4046">
     <span class='ocr_line' id='line_1_54' title="bbox 298 3651 1070 3758; baseline 0.025 -36"><span class='ocrx_word' id='word_1_294' title='bbox 298 3651 421 3749; x_wconf 74' lang='lat' dir='ltr'>lellra,</span> <span class='ocrx_word' id='word_1_295' title='bbox 445 3675 627 3730; x_wconf 71' lang='lat' dir='ltr'>murreum</span> <span class='ocrx_word' id='word_1_296' title='bbox 651 3664 742 3748; x_wconf 73' lang='lat' dir='ltr'>pede·</span> <span class='ocrx_word' id='word_1_297' title='bbox 757 3659 995 3758; x_wconf 58' lang='lat' dir='ltr'>nrllajlaffir.</span> <span class='ocrx_word' id='word_1_298' title='bbox 1022 3673 1070 3741; x_wconf 71' lang='lat' dir='ltr'>to</span> 
     </span>
     <span class='ocr_line' id='line_1_55' title="bbox 293 3755 1069 3857; baseline 0.017 -29"><span class='ocrx_word' id='word_1_299' title='bbox 293 3761 375 3854; x_wconf 74' lang='lat' dir='ltr'>pede</span> <span class='ocrx_word' id='word_1_300' title='bbox 413 3755 551 3846; x_wconf 77' lang='lat' dir='ltr'>rfur&#39;ua.</span> <span class='ocrx_word' id='word_1_301' title='bbox 585 3760 661 3832; x_wconf 79' lang='lat' dir='ltr'>Nor</span> <span class='ocrx_word' id='word_1_302' title='bbox 695 3781 853 3857; x_wconf 75' lang='lat' dir='ltr'>porrum</span> <span class='ocrx_word' id='word_1_303' title='bbox 889 3761 1000 3855; x_wconf 79' lang='lat' dir='ltr'>firraere</span> <span class='ocrx_word' id='word_1_304' title='bbox 1037 3769 1069 3841; x_wconf 82' lang='lat' dir='ltr'>le</span> 
     </span>
     <span class='ocr_line' id='line_1_56' title="bbox 294 3856 1069 3956; baseline 0.017 -25"><span class='ocrx_word' id='word_1_305' title='bbox 294 3863 375 3956; x_wconf 71' lang='lat' dir='ltr'>pede</span> <span class='ocrx_word' id='word_1_306' title='bbox 408 3856 444 3931; x_wconf 84' lang='lat' dir='ltr'>r&#39;rr</span> <span class='ocrx_word' id='word_1_307' title='bbox 478 3880 588 3935; x_wconf 81' lang='lat' dir='ltr'>terra.</span> <span class='ocrx_word' id='word_1_308' title='bbox 626 3864 709 3937; x_wconf 87' lang='lat' dir='ltr'>Hoc</span> <span class='ocrx_word' id='word_1_309' title='bbox 745 3862 818 3944; x_wconf 81' lang='lat' dir='ltr'>eli.</span> <span class='ocrx_word' id='word_1_310' title='bbox 855 3869 958 3941; x_wconf 77' lang='lat' dir='ltr'>Paulo</span> <span class='ocrx_word' id='word_1_311' title='bbox 992 3891 1069 3944; x_wconf 80' lang='lat' dir='ltr'>rnre</span> 
     </span>
     <span class='ocr_line' id='line_1_57' title="bbox 293 3958 1068 4046; baseline 0.015 -14"><span class='ocrx_word' id='word_1_312' title='bbox 293 3958 562 4046; x_wconf 61' lang='lat' dir='ltr'>modimr&#39;r&#39;rbrr</span> <span class='ocrx_word' id='word_1_313' title='bbox 585 3965 760 4037; x_wconf 81' lang='lat' dir='ltr'>ceciderat.</span> <span class='ocrx_word' id='word_1_314' title='bbox 786 3972 926 4039; x_wconf 68' lang='lat' dir='ltr'>flumas</span> <span class='ocrx_word' id='word_1_315' title='bbox 950 3999 989 4042; x_wconf 83' lang='lat' dir='ltr'>ere</span> <span class='ocrx_word' id='word_1_316' title='bbox 1015 3975 1068 4044; x_wconf 84' lang='lat' dir='ltr'>r&#39;rr·</span> 
     </span>
    </p>
   </div>
   <div class='ocr_carea' id='block_1_16' title="bbox 1185 3245 1957 4049">
    <p class='ocr_par' dir='ltr' id='par_1_17' title="bbox 1185 3245 1957 4049">
     <span class='ocr_line' id='line_1_58' title="bbox 1186 3245 1955 3328; baseline -0.003 -6"><span class='ocrx_word' id='word_1_317' title='bbox 1186 3267 1248 3324; x_wconf 89' lang='lat' dir='ltr'>aut</span> <span class='ocrx_word' id='word_1_318' title='bbox 1270 3252 1410 3325; x_wconf 89' lang='lat' dir='ltr'>nullum</span> <span class='ocrx_word' id='word_1_319' title='bbox 1430 3247 1619 3324; x_wconf 81' lang='lat' dir='ltr'>discrimen</span> <span class='ocrx_word' id='word_1_320' title='bbox 1646 3245 1870 3328; x_wconf 66' lang='lat' dir='ltr'>intercessise</span> <span class='ocrx_word' id='word_1_321' title='bbox 1895 3248 1955 3323; x_wconf 87' lang='lat' dir='ltr'>vi·</span> 
     </span>
     <span class='ocr_line' id='line_1_59' title="bbox 1185 3348 1957 3450; baseline -0.004 -25"><span class='ocrx_word' id='word_1_322' title='bbox 1185 3351 1288 3427; x_wconf 85' lang='lat' dir='ltr'>detur</span> <span class='ocrx_word' id='word_1_323' title='bbox 1313 3351 1408 3427; x_wconf 91' lang='lat' dir='ltr'>inter</span> <span class='ocrx_word' id='word_1_324' title='bbox 1434 3350 1627 3448; x_wconf 75' lang='lat' dir='ltr'>Quadrollos</span> <span class='ocrx_word' id='word_1_325' title='bbox 1652 3349 1686 3422; x_wconf 81' lang='lat' dir='ltr'>dt</span> <span class='ocrx_word' id='word_1_326' title='bbox 1708 3348 1868 3447; x_wconf 85' lang='lat' dir='ltr'>Sagittas</span> <span class='ocrx_word' id='word_1_327' title='bbox 1891 3375 1957 3450; x_wconf 81' lang='lat' dir='ltr'>ap·</span> 
     </span>
     <span class='ocr_line' id='line_1_60' title="bbox 1188 3451 1951 3555; baseline -0.004 -27"><span class='ocrx_word' id='word_1_328' title='bbox 1188 3455 1335 3555; x_wconf 86' lang='lat' dir='ltr'>pellatas</span> <span class='ocrx_word' id='word_1_329' title='bbox 1363 3451 1522 3548; x_wconf 61' lang='lat' dir='ltr'>Bolzoni,</span> <span class='ocrx_word' id='word_1_330' title='bbox 1549 3451 1644 3551; x_wconf 83' lang='lat' dir='ltr'>quod</span> <span class='ocrx_word' id='word_1_331' title='bbox 1672 3467 1801 3523; x_wconf 86' lang='lat' dir='ltr'>nomen</span> <span class='ocrx_word' id='word_1_332' title='bbox 1821 3477 1840 3524; x_wconf 94' lang='lat' dir='ltr'>e</span> <span class='ocrx_word' id='word_1_333' title='bbox 1859 3454 1951 3525; x_wconf 88' lang='lat' dir='ltr'>Ger·</span> 
     </span>
     <span class='ocr_line' id='line_1_61' title="bbox 1188 3550 1951 3654; baseline -0.003 -25"><span class='ocrx_word' id='word_1_334' title='bbox 1188 3557 1329 3632; x_wconf 88' lang='lat' dir='ltr'>manico</span> <span class='ocrx_word' id='word_1_335' title='bbox 1371 3556 1487 3649; x_wconf 65' lang='lat' dir='ltr'>Boque</span> <span class='ocrx_word' id='word_1_336' title='bbox 1527 3550 1746 3654; x_wconf 73' lang='lat' dir='ltr'>significante</span> <span class='ocrx_word' id='word_1_337' title='bbox 1785 3553 1951 3649; x_wconf 67' lang='lat' dir='ltr'>saginam</span> 
     </span>
     <span class='ocr_line' id='line_1_62' title="bbox 1187 3653 1952 3754; baseline 0.003 -26"><span class='ocrx_word' id='word_1_338' title='bbox 1187 3657 1308 3733; x_wconf 80' lang='lat' dir='ltr'>venit.</span> <span class='ocrx_word' id='word_1_339' title='bbox 1335 3658 1503 3733; x_wconf 88' lang='lat' dir='ltr'>Celebres</span> <span class='ocrx_word' id='word_1_340' title='bbox 1529 3673 1671 3754; x_wconf 81' lang='lat' dir='ltr'>quoque</span> <span class='ocrx_word' id='word_1_341' title='bbox 1698 3653 1793 3728; x_wconf 82' lang='lat' dir='ltr'>fuere</span> <span class='ocrx_word' id='word_1_342' title='bbox 1820 3654 1857 3728; x_wconf 89' lang='lat' dir='ltr'>in</span> <span class='ocrx_word' id='word_1_343' title='bbox 1878 3653 1952 3730; x_wconf 68' lang='lat' dir='ltr'>Hi-</span> 
     </span>
     <span class='ocr_line' id='line_1_63' title="bbox 1186 3757 1951 3860; baseline -0.009 -26"><span class='ocrx_word' id='word_1_344' title='bbox 1186 3759 1311 3845; x_wconf 74' lang='lat' dir='ltr'>lloril,</span> <span class='ocrx_word' id='word_1_345' title='bbox 1341 3758 1542 3860; x_wconf 88' lang='lat' dir='ltr'>praesertim</span> <span class='ocrx_word' id='word_1_346' title='bbox 1572 3757 1718 3837; x_wconf 74' lang='lat' dir='ltr'>Italics,</span> <span class='ocrx_word' id='word_1_347' title='bbox 1748 3760 1951 3839; x_wconf 79' lang='lat' dir='ltr'>Verrerener,</span> 
     </span>
     <span class='ocr_line' id='line_1_64' title="bbox 1187 3857 1951 3959; baseline -0.005 -23"><span class='ocrx_word' id='word_1_348' title='bbox 1187 3862 1401 3959; x_wconf 84' lang='lat' dir='ltr'>Sagittarum</span> <span class='ocrx_word' id='word_1_349' title='bbox 1428 3858 1580 3956; x_wconf 85' lang='lat' dir='ltr'>species,</span> <span class='ocrx_word' id='word_1_350' title='bbox 1607 3858 1671 3954; x_wconf 88' lang='lat' dir='ltr'>qui</span> <span class='ocrx_word' id='word_1_351' title='bbox 1700 3883 1760 3954; x_wconf 90' lang='lat' dir='ltr'>per</span> <span class='ocrx_word' id='word_1_352' title='bbox 1786 3857 1951 3933; x_wconf 82' lang='lat' dir='ltr'>Balillatn</span> 
     </span>
     <span class='ocr_line' id='line_1_65' title="bbox 1186 3957 1950 4049; baseline -0.003 -13"><span class='ocrx_word' id='word_1_353' title='bbox 1186 3962 1471 4036; x_wconf 82' lang='lat' dir='ltr'>effundebantur.</span> <span class='ocrx_word' id='word_1_354' title='bbox 1512 3957 1667 4034; x_wconf 85' lang='lat' dir='ltr'>Censent</span> <span class='ocrx_word' id='word_1_355' title='bbox 1703 3962 1894 4049; x_wconf 85' lang='lat' dir='ltr'>nonnulli,</span> <span class='ocrx_word' id='word_1_356' title='bbox 1930 3985 1950 4034; x_wconf 89' lang='lat' dir='ltr'>a</span> 
     </span>
    </p>
   </div>
   <div class='ocr_carea' id='block_1_17' title="bbox 292 4048 1950 4167">
    <p class='ocr_par' dir='ltr' id='par_1_18' title="bbox 292 4048 1950 4167">
     <span class='ocr_line' id='line_1_66' title="bbox 292 4048 1950 4167; baseline 0.005 -38"><span class='ocrx_word' id='word_1_357' title='bbox 292 4060 371 4152; x_wconf 65' lang='lat' dir='ltr'>fusa</span> <span class='ocrx_word' id='word_1_358' title='bbox 394 4087 479 4157; x_wconf 71' lang='lat' dir='ltr'>aqu</span> <span class='ocrx_word' id='word_1_359' title='bbox 505 4048 611 4132; x_wconf 71' lang='lat' dir='ltr'>mollis</span> <span class='ocrx_word' id='word_1_360' title='bbox 636 4091 673 4134; x_wconf 78' lang='lat' dir='ltr'>ae</span> <span class='ocrx_word' id='word_1_361' title='bbox 697 4061 824 4134; x_wconf 76' lang='lat' dir='ltr'>lubrica</span> <span class='ocrx_word' id='word_1_362' title='bbox 841 4085 931 4142; x_wconf 80' lang='lat' dir='ltr'>erat.</span> <span class='ocrx_word' id='word_1_363' title='bbox 957 4078 1068 4167; x_wconf 70' lang='lat' dir='ltr'>Qum</span> <span class='ocrx_word' id='word_1_364' title='bbox 1106 4063 1137 4136; x_wconf 81' lang='lat' dir='ltr'>E</span> <span class='ocrx_word' id='word_1_365' title='bbox 1188 4068 1301 4135; x_wconf 78' lang='lat' dir='ltr'>Verum</span> <span class='ocrx_word' id='word_1_366' title='bbox 1337 4061 1551 4138; x_wconf 88' lang='lat' dir='ltr'>Latinorum</span> <span class='ocrx_word' id='word_1_367' title='bbox 1588 4061 1813 4135; x_wconf 83' lang='lat' dir='ltr'>efformatum</span> <span class='ocrx_word' id='word_1_368' title='bbox 1850 4060 1950 4138; x_wconf 85' lang='lat' dir='ltr'>fuisse</span> 
     </span>
    </p>
   </div>
   <div class='ocr_carea' id='block_1_18' title="bbox 272 4160 1069 5090">
    <p class='ocr_par' dir='ltr' id='par_1_19' title="bbox 272 4160 1069 5090">
     <span class='ocr_line' id='line_1_67' title="bbox 297 4160 1066 4261; baseline -0.001 -28"><span class='ocrx_word' id='word_1_369' title='bbox 297 4162 476 4261; x_wconf 76' lang='lat' dir='ltr'>Genurnsrs</span> <span class='ocrx_word' id='word_1_370' title='bbox 500 4160 647 4246; x_wconf 74' lang='lat' dir='ltr'>Basilina</span> <span class='ocrx_word' id='word_1_371' title='bbox 673 4162 812 4260; x_wconf 63' lang='lat' dir='ltr'>sagittis</span> <span class='ocrx_word' id='word_1_372' title='bbox 847 4174 1009 4244; x_wconf 66' lang='lat' dir='ltr'>ommi</span> <span class='ocrx_word' id='word_1_373' title='bbox 1033 4201 1066 4246; x_wconf 88' lang='lat' dir='ltr'>e.</span> 
     </span>
     <span class='ocr_line' id='line_1_68' title="bbox 299 4263 1066 4364; baseline 0.014 -27"><span class='ocrx_word' id='word_1_374' title='bbox 299 4287 396 4350; x_wconf 76' lang='lat' dir='ltr'>rant,</span> <span class='ocrx_word' id='word_1_375' title='bbox 419 4265 532 4364; x_wconf 73' lang='lat' dir='ltr'>prdem</span> <span class='ocrx_word' id='word_1_376' title='bbox 554 4263 700 4360; x_wconf 68' lang='lat' dir='ltr'>llaepbiaee</span> <span class='ocrx_word' id='word_1_377' title='bbox 720 4266 956 4347; x_wconf 73' lang='lat' dir='ltr'>immittebant.</span> <span class='ocrx_word' id='word_1_378' title='bbox 984 4282 1066 4360; x_wconf 72' lang='lat' dir='ltr'>Per,</span> 
     </span>
     <span class='ocr_line' id='line_1_69' title="bbox 300 4365 1068 4474; baseline 0.016 -35"><span class='ocrx_word' id='word_1_379' title='bbox 300 4365 337 4439; x_wconf 78' lang='lat' dir='ltr'>ia</span> <span class='ocrx_word' id='word_1_380' title='bbox 361 4395 421 4467; x_wconf 79' lang='lat' dir='ltr'>quo</span> <span class='ocrx_word' id='word_1_381' title='bbox 449 4372 606 4459; x_wconf 69' lang='lat' dir='ltr'>fiebant,</span> <span class='ocrx_word' id='word_1_382' title='bbox 642 4366 845 4448; x_wconf 69' lang='lat' dir='ltr'>elabebatur.</span> <span class='ocrx_word' id='word_1_383' title='bbox 880 4378 1068 4474; x_wconf 76' lang='lat' dir='ltr'>Nequidrnt&#39;</span> 
     </span>
     <span class='ocr_line' id='line_1_70' title="bbox 295 4470 1067 4570; baseline 0.012 -27"><span class='ocrx_word' id='word_1_384' title='bbox 295 4473 408 4570; x_wconf 72' lang='lat' dir='ltr'>prdem</span> <span class='ocrx_word' id='word_1_385' title='bbox 425 4472 496 4567; x_wconf 82' lang='lat' dir='ltr'>solo</span> <span class='ocrx_word' id='word_1_386' title='bbox 521 4470 652 4568; x_wconf 74' lang='lat' dir='ltr'>figere.</span> <span class='ocrx_word' id='word_1_387' title='bbox 669 4471 805 4549; x_wconf 77' lang='lat' dir='ltr'>&#39;Caeci&#39;</span> <span class='ocrx_word' id='word_1_388' title='bbox 819 4472 886 4550; x_wconf 79' lang='lat' dir='ltr'>&#39;ac</span> <span class='ocrx_word' id='word_1_389' title='bbox 912 4475 1067 4554; x_wconf 72' lang='lat' dir='ltr'>l&#39;urlmes</span> 
     </span>
     <span class='ocr_line' id='line_1_71' title="bbox 272 4572 1068 4673; baseline 0.009 -23"><span class='ocrx_word' id='word_1_390' title='bbox 272 4592 279 4607; x_wconf 89' lang='lat'><strong>·</strong></span> <span class='ocrx_word' id='word_1_391' title='bbox 298 4576 423 4669; x_wconf 81' lang='lat' dir='ltr'>Galli,</span> <span class='ocrx_word' id='word_1_392' title='bbox 447 4602 523 4653; x_wconf 88' lang='lat' dir='ltr'>rem</span> <span class='ocrx_word' id='word_1_393' title='bbox 547 4573 641 4650; x_wconf 88' lang='lat' dir='ltr'>secus</span> <span class='ocrx_word' id='word_1_394' title='bbox 662 4572 914 4673; x_wconf 84' lang='lat' dir='ltr'>interpretati,</span> <span class='ocrx_word' id='word_1_395' title='bbox 936 4580 976 4656; x_wconf 89' lang='lat' dir='ltr'>in</span> <span class='ocrx_word' id='word_1_396' title='bbox 997 4578 1068 4656; x_wconf 87' lang='lat' dir='ltr'>rni-</span> 
     </span>
     <span class='ocr_line' id='line_1_72' title="bbox 299 4675 1068 4781; baseline 0.007 -27"><span class='ocrx_word' id='word_1_397' title='bbox 299 4675 409 4757; x_wconf 87' lang='lat' dir='ltr'>seram</span> <span class='ocrx_word' id='word_1_398' title='bbox 428 4700 572 4781; x_wconf 82' lang='lat' dir='ltr'>gentem</span> <span class='ocrx_word' id='word_1_399' title='bbox 593 4677 752 4753; x_wconf 88' lang='lat' dir='ltr'>immani.</span> <span class='ocrx_word' id='word_1_400' title='bbox 772 4680 1068 4759; x_wconf 62' lang='lat' dir='ltr'>barbaricinor-</span> 
     </span>
     <span class='ocr_line' id='line_1_73' title="bbox 299 4774 1069 4886; baseline 0.006 -32"><span class='ocrx_word' id='word_1_401' title='bbox 299 4774 534 4881; x_wconf 63' lang='lat' dir='ltr'>runt.;&#39;⁴sod4.</span> <span class='ocrx_word' id='word_1_402' title='bbox 548 4784 586 4858; x_wconf 81' lang='lat' dir='ltr'>dt</span> <span class='ocrx_word' id='word_1_403' title='bbox 620 4779 685 4885; x_wconf 87' lang='lat' dir='ltr'>ipsi</span> <span class='ocrx_word' id='word_1_404' title='bbox 722 4780 861 4886; x_wconf 76' lang='lat' dir='ltr'>ingenti</span> <span class='ocrx_word' id='word_1_405' title='bbox 875 4822 880 4834; x_wconf 93' lang='lat'>·</span> <span class='ocrx_word' id='word_1_406' title='bbox 895 4785 998 4860; x_wconf 84' lang='lat' dir='ltr'>olrde</span> <span class='ocrx_word' id='word_1_407' title='bbox 1021 4780 1069 4859; x_wconf 82' lang='lat' dir='ltr'>ab</span> 
     </span>
     <span class='ocr_line' id='line_1_74' title="bbox 300 4884 1069 4991; baseline 0.008 -36"><span class='ocrx_word' id='word_1_408' title='bbox 300 4884 431 4986; x_wconf 78' lang='lat' dir='ltr'>Anglis</span> <span class='ocrx_word' id='word_1_409' title='bbox 462 4886 507 4963; x_wconf 85' lang='lat' dir='ltr'>in</span> <span class='ocrx_word' id='word_1_410' title='bbox 532 4913 577 4963; x_wconf 89' lang='lat' dir='ltr'>eo</span> <span class='ocrx_word' id='word_1_411' title='bbox 598 4885 750 4987; x_wconf 84' lang='lat' dir='ltr'>proelio</span> <span class='ocrx_word' id='word_1_412' title='bbox 786 4887 946 4991; x_wconf 74' lang='lat' dir='ltr'>prulliaci</span> <span class='ocrx_word' id='word_1_413' title='bbox 983 4910 1069 4982; x_wconf 83' lang='lat' dir='ltr'>poe··</span> 
     </span>
     <span class='ocr_line' id='line_1_75' title="bbox 302 4988 1069 5090; baseline 0.007 -31"><span class='ocrx_word' id='word_1_414' title='bbox 302 5007 366 5061; x_wconf 82' lang='lat' dir='ltr'>aas</span> <span class='ocrx_word' id='word_1_415' title='bbox 391 4988 487 5065; x_wconf 85' lang='lat' dir='ltr'>tanti</span> <span class='ocrx_word' id='word_1_416' title='bbox 503 4989 662 5083; x_wconf 76' lang='lat' dir='ltr'>suroris,</span> <span class='ocrx_word' id='word_1_417' title='bbox 690 4992 768 5065; x_wconf 84' lang='lat' dir='ltr'>Deo</span> <span class='ocrx_word' id='word_1_418' title='bbox 786 4989 954 5084; x_wconf 75' lang='lat' dir='ltr'>vindice,</span> <span class='ocrx_word' id='word_1_419' title='bbox 981 5014 1069 5090; x_wconf 86' lang='lat' dir='ltr'>pau·</span> 
     </span>
    </p>
   </div>
   <div class='ocr_carea' id='block_1_19' title="bbox 1186 4161 1954 4980">
    <p class='ocr_par' dir='ltr' id='par_1_20' title="bbox 1186 4161 1954 4980">
     <span class='ocr_line' id='line_1_76' title="bbox 1189 4161 1952 4261; baseline 0.003 -23"><span class='ocrx_word' id='word_1_420' title='bbox 1189 4163 1355 4239; x_wconf 87' lang='lat' dir='ltr'>Italicum</span> <span class='ocrx_word' id='word_1_421' title='bbox 1395 4170 1592 4239; x_wconf 81' lang='lat' dir='ltr'>Verrerrne.</span> <span class='ocrx_word' id='word_1_422' title='bbox 1629 4161 1848 4239; x_wconf 85' lang='lat' dir='ltr'>Subscribere</span> <span class='ocrx_word' id='word_1_423' title='bbox 1883 4190 1952 4261; x_wconf 88' lang='lat' dir='ltr'>ego</span> 
     </span>
     <span class='ocr_line' id='line_1_77' title="bbox 1186 4262 1953 4367; baseline -0.004 -27"><span class='ocrx_word' id='word_1_424' title='bbox 1186 4293 1257 4341; x_wconf 93' lang='lat' dir='ltr'>non</span> <span class='ocrx_word' id='word_1_425' title='bbox 1283 4267 1414 4343; x_wconf 87' lang='lat' dir='ltr'>ausrm.</span> <span class='ocrx_word' id='word_1_426' title='bbox 1441 4266 1587 4367; x_wconf 79' lang='lat' dir='ltr'>Qrippe</span> <span class='ocrx_word' id='word_1_427' title='bbox 1614 4271 1745 4339; x_wconf 70' lang='lat' dir='ltr'>Ver-uta</span> <span class='ocrx_word' id='word_1_428' title='bbox 1776 4262 1870 4336; x_wconf 86' lang='lat' dir='ltr'>luere</span> <span class='ocrx_word' id='word_1_429' title='bbox 1895 4279 1953 4337; x_wconf 87' lang='lat' dir='ltr'>te·</span> 
     </span>
     <span class='ocr_line' id='line_1_78' title="bbox 1187 4361 1954 4474; baseline -0.01 -32"><span class='ocrx_word' id='word_1_430' title='bbox 1187 4372 1221 4442; x_wconf 90' lang='lat' dir='ltr'>la</span> <span class='ocrx_word' id='word_1_431' title='bbox 1247 4367 1305 4446; x_wconf 90' lang='lat' dir='ltr'>seu</span> <span class='ocrx_word' id='word_1_432' title='bbox 1332 4371 1472 4474; x_wconf 80' lang='lat' dir='ltr'>jacula,</span> <span class='ocrx_word' id='word_1_433' title='bbox 1491 4382 1605 4442; x_wconf 83' lang='lat' dir='ltr'>manu</span> <span class='ocrx_word' id='word_1_434' title='bbox 1632 4362 1791 4460; x_wconf 64' lang='lat' dir='ltr'>conjesla</span> <span class='ocrx_word' id='word_1_435' title='bbox 1817 4361 1856 4435; x_wconf 80' lang='lat' dir='ltr'>i&#39;n</span> <span class='ocrx_word' id='word_1_436' title='bbox 1884 4361 1954 4439; x_wconf 89' lang='lat' dir='ltr'>ho·</span> 
     </span>
     <span class='ocr_line' id='line_1_79' title="bbox 1186 4462 1953 4547; baseline -0.004 -3"><span class='ocrx_word' id='word_1_437' title='bbox 1186 4470 1291 4547; x_wconf 83' lang='lat' dir='ltr'>ilem:</span> <span class='ocrx_word' id='word_1_438' title='bbox 1332 4481 1494 4546; x_wconf 81' lang='lat' dir='ltr'>Vererrrer</span> <span class='ocrx_word' id='word_1_439' title='bbox 1520 4494 1605 4542; x_wconf 88' lang='lat' dir='ltr'>vero</span> <span class='ocrx_word' id='word_1_440' title='bbox 1628 4491 1651 4537; x_wconf 90' lang='lat' dir='ltr'>e</span> <span class='ocrx_word' id='word_1_441' title='bbox 1677 4462 1816 4538; x_wconf 81' lang='lat' dir='ltr'>Baliliis</span> <span class='ocrx_word' id='word_1_442' title='bbox 1841 4466 1953 4542; x_wconf 88' lang='lat' dir='ltr'>emit·</span> 
     </span>
     <span class='ocr_line' id='line_1_80' title="bbox 1187 4565 1952 4669; baseline -0.003 -21"><span class='ocrx_word' id='word_1_443' title='bbox 1187 4576 1376 4650; x_wconf 78' lang='lat' dir='ltr'>rebantur.</span> <span class='ocrx_word' id='word_1_444' title='bbox 1421 4575 1545 4666; x_wconf 86' lang='lat' dir='ltr'>Neque</span> <span class='ocrx_word' id='word_1_445' title='bbox 1585 4565 1724 4641; x_wconf 73' lang='lat' dir='ltr'>felicius</span> <span class='ocrx_word' id='word_1_446' title='bbox 1765 4566 1952 4669; x_wconf 84' lang='lat' dir='ltr'>excogita·</span> 
     </span>
     <span class='ocr_line' id='line_1_81' title="bbox 1186 4666 1952 4772; baseline -0.001 -22"><span class='ocrx_word' id='word_1_447' title='bbox 1186 4694 1259 4752; x_wconf 86' lang='lat' dir='ltr'>tam</span> <span class='ocrx_word' id='word_1_448' title='bbox 1286 4694 1373 4771; x_wconf 87' lang='lat' dir='ltr'>puto</span> <span class='ocrx_word' id='word_1_449' title='bbox 1398 4666 1697 4772; x_wconf 79' lang='lat' dir='ltr'>Etymologiana,</span> <span class='ocrx_word' id='word_1_450' title='bbox 1724 4697 1813 4770; x_wconf 85' lang='lat' dir='ltr'>quae</span> <span class='ocrx_word' id='word_1_451' title='bbox 1838 4700 1858 4745; x_wconf 87' lang='lat' dir='ltr'>a</span> <span class='ocrx_word' id='word_1_452' title='bbox 1885 4673 1952 4750; x_wconf 64' lang='lat' dir='ltr'>dtas¹</span> 
     </span>
     <span class='ocr_line' id='line_1_82' title="bbox 1186 4773 1954 4857; baseline 0 -7"><span class='ocrx_word' id='word_1_453' title='bbox 1186 4775 1339 4852; x_wconf 68' lang='lat' dir='ltr'>&amp;iffimo</span> <span class='ocrx_word' id='word_1_454' title='bbox 1380 4776 1414 4848; x_wconf 74' lang='grc' dir='ltr'>ἃ</span> <span class='ocrx_word' id='word_1_455' title='bbox 1456 4773 1646 4850; x_wconf 82' lang='lat' dir='ltr'>clariliimo</span> <span class='ocrx_word' id='word_1_456' title='bbox 1682 4773 1809 4857; x_wconf 85' lang='lat' dir='ltr'>Viro,</span> <span class='ocrx_word' id='word_1_457' title='bbox 1851 4778 1954 4854; x_wconf 82' lang='lat' dir='ltr'>Patre</span> 
     </span>
     <span class='ocr_line' id='line_1_83' title="bbox 1188 4876 1951 4980; baseline -0.003 -27"><span class='ocrx_word' id='word_1_458' title='bbox 1188 4876 1336 4953; x_wconf 82' lang='lat' dir='ltr'>Daniele</span> <span class='ocrx_word' id='word_1_459' title='bbox 1372 4881 1445 4952; x_wconf 86' lang='lat' dir='ltr'>soc.</span> <span class='ocrx_word' id='word_1_460' title='bbox 1484 4877 1584 4969; x_wconf 87' lang='lat' dir='ltr'>Jesu,</span> <span class='ocrx_word' id='word_1_461' title='bbox 1622 4877 1705 4954; x_wconf 91' lang='lat' dir='ltr'>Lib.</span> <span class='ocrx_word' id='word_1_462' title='bbox 1733 4886 1769 4955; x_wconf 83' lang='grc' dir='ltr'>ό.</span> <span class='ocrx_word' id='word_1_463' title='bbox 1796 4882 1885 4980; x_wconf 88' lang='lat' dir='ltr'>Cap.</span> <span class='ocrx_word' id='word_1_464' title='bbox 1912 4906 1951 4978; x_wconf 80' lang='lat'>4.</span> 
     </span>
    </p>
   </div>
   <div class='ocr_carea' id='block_1_20' title="bbox 1185 4979 1950 5154">
    <p class='ocr_par' dir='ltr' id='par_1_21' title="bbox 1185 4979 1950 5154">
     <span class='ocr_line' id='line_1_84' title="bbox 1185 4979 1950 5152; baseline 0.005 -94"><span class='ocrx_word' id='word_1_465' title='bbox 1185 4983 1234 5060; x_wconf 89' lang='lat' dir='ltr'>de</span> <span class='ocrx_word' id='word_1_466' title='bbox 1267 4980 1385 5060; x_wconf 79' lang='lat' dir='ltr'>Misit.</span> <span class='ocrx_word' id='word_1_467' title='bbox 1422 4979 1587 5058; x_wconf 73' lang='lat' dir='ltr'>francic.</span> <span class='ocrx_word' id='word_1_468' title='bbox 1625 4981 1729 5061; x_wconf 88' lang='lat' dir='ltr'>uobis</span> <span class='ocrx_word' id='word_1_469' title='bbox 1769 4983 1950 5152; x_wconf 55' lang='lat' dir='ltr'>offcr‘purt</span> 
     </span>
     <span class='ocr_line' id='line_1_85' title="bbox 1872 5107 1898 5154; baseline 0 0"><span class='ocrx_word' id='word_1_470' title='bbox 1872 5107 1898 5154; x_wconf 84' lang='lat' dir='ltr'>r</span> 
     </span>
    </p>
   </div>
   <div class='ocr_carea' id='block_1_21' title="bbox 0 0 2112 6005">
    <p class='ocr_par' dir='ltr' id='par_1_22' title="bbox 0 0 2112 6005">
     <span class='ocr_line' id='line_1_86' title="bbox 0 0 2112 6005; baseline 0 0"><span class='ocrx_word' id='word_1_471' title='bbox 0 0 2112 6005; x_wconf 95' lang='lat' dir='ltr'> </span> 
     </span>
    </p>
   </div>
  </div>
 </body>
</html>
