4214 6014
220 367 405 559 ..‘.¹3..
440 336 990 560 ......?¹lflllt3t⁰.
1012 331 1522 539 dilatala-2
1551 457 1673 532 2...
1698 352 1869 534 tr?

227 561 502 660 R‹etequ1dem
530 565 643 636 abeo
680 566 873 640 memoriae
910 592 989 665 pro·

226 665 367 744 ditum,
412 667 543 737 Turres
595 664 676 738 illas
713 676 757 740 ad
780 674 992 777 pugnandum

227 787 321 864 aptas
348 764 468 839 suisset
499 763 536 838 ὅ(
567 793 686 840 revera
714 795 756 841 ex
788 769 831 841 tis
858 797 990 869 pugna·

226 873 327 941 batur
367 895 387 940 a
427 868 582 943 Civibus
610 870 651 939 ad
686 870 888 944 intestinum
918 875 992 945 bel-

222 971 300 1042 lum
337 968 549 1040 commotis.
587 973 707 1060 Quare
743 974 795 1044 nil
838 974 990 1062 mirum,

223 1069 248 1143 li
300 1070 544 1166 prudentiores
593 1072 698 1143 finem
741 1092 803 1146 aut
848 1084 989 1146 modum

227 1171 356 1244 deinde
402 1169 597 1243 habendum
626 1175 785 1271 julletint
821 1176 992 1274 ejusmodi

1100 560 1243 631 ciderunt
1261 562 1342 630 duae
1360 565 1477 630 Turres
1503 567 1627 651 Lucae,
1654 565 1804 634 videlieet
1814 563 1868 655 fi-

1099 663 1214 733 liorum
1249 660 1472 755 Hespiafame,
1512 668 1557 732 Θ
1587 663 1734 756 filiorum
1760 668 1867 750 Cari,

1100 791 1180 860 quae
1206 764 1319 833 multos
1345 763 1482 832 hemines
1506 765 1738 861 oppresserunt.
1768 769 1867 842 Tum

1102 872 1211 938 Anno
1238 867 1627 941 Mccxv11.ceeidie
1650 891 1727 965 pars
1753 871 1869 943 Turris

1101 971 1231 1064 Pagani
1270 967 1427 1051 Bunfiur',
1463 965 1511 1044 ὅθ’
1552 970 1666 1041 multus
1698 974 1867 1071 oppreffit.

1104 1071 1240 1143 Deinde
1267 1076 1377 1143 Anno
1405 1072 1597 1144 MCCXX.
1618 1077 1755 1169 capellus
1780 1084 1869 1147 Tur·

1102 1175 1144 1243 rie
1165 1171 1311 1263 filiorum
1337 1173 1504 1262 sismundi
1529 1179 1645 1245 torruit
1671 1182 1797 1265 Lucae,
1825 1178 1870 1247 (9·

229 1270 522 1373 propugnaculis,
560 1275 598 1345 in
643 1277 835 1372 perniciem
874 1280 991 1378 potius
1103 1274 1257 1362 interfecit
1282 1276 1369 1345 ultra
1397 1275 1535 1347 homines
1559 1283 1729 1354 ducemus.
1782 1282 1869 1351 For·

230 1375 336 1474 quim
364 1377 510 1446 tutelam
539 1374 671 1472 quietis
700 1380 861 1471 publicae
889 1380 987 1452 adin·
1041 1377 1068 1447 Β
1103 1375 1186 1448 tasse
1228 1403 1290 1475 pto
1337 1399 1420 1450 200.
1466 1374 1684 1452 scribendum
1723 1379 1769 1453 est
1807 1403 1866 1455 20.

228 1476 367 1549 ventis.
404 1474 496 1548 Vide
538 1481 652 1577 Leges
693 1479 935 1581 Municipales
971 1511 989 1555 a

227 1577 988 1675 PopuloVeronenstAnnoMCCXXVlll.

226 1682 489 1777 promulgatas,
535 1701 641 1778 atque
685 1688 729 1756 ab
765 1687 881 1761 amico
910 1713 989 1759 meo

225 1779 427 1853 doetiffimo
455 1782 727 1858 bartholomaeo
759 1785 987 1887 Campagno-

225 1882 283 1962 la,
329 1882 648 1977 Arcbipresbytero
688 1886 834 1961 Sandiae
860 1887 986 1964 Caeci·

227 1983 297 2056 liae
327 1982 533 2074 Veronensis
570 1987 656 2084 juris
693 1989 828 2086 publici
855 1990 989 2065 satas.

227 2085 284 2158 lbi
312 2089 399 2186 Cap.
427 2094 488 2184 63.
508 2086 673 2162 statutum
695 2089 762 2178 est,
790 2114 826 2163 ret
852 2119 912 2163 noa
924 2092 992 2184 fiat

225 2190 341 2258 Turris
366 2191 406 2258 de
432 2214 534 2278 novo,
562 2218 658 2286 neque
682 2193 870 2284 Casaturir,
897 2219 993 2289 neque

1103 1477 1190 1549 Alia
1217 1478 1253 1549 id
1283 1503 1390 1576 genus
1417 1482 1578 1576 exempla
1607 1481 1709 1555 nobit
1743 1481 1868 1582 suppe-
1929 1557 1943 1567 ,
1980 1548 1983 1554 .

1101 1579 1193 1650 ditat
1222 1578 1494 1654 Bononiensrum
1523 1582 1699 1659 Hilloria.
1740 1587 1868 1660 Altera

1100 1680 1212 1752 caussa
1239 1680 1411 1753 Tertium
1442 1681 1653 1783 dejcslarurn
1683 1683 1752 1758 fuir
1772 1685 1868 1759 inte·

1099 1781 1265 1855 llinorum
1296 1783 1468 1855 bellorum
1497 1786 1630 1860 rabies.
1658 1786 1751 1860 Vide
1775 1787 1866 1887 apud

1099 1889 1272 1957 Ottonem
1325 1883 1574 1984 frisingensem
1623 1886 1706 1962 Lib.
1759 1890 1866 1987 prim.

1100 1989 1187 2083 Cap.
1218 1989 1275 2058 28.
1307 1984 1349 2058 de
1384 1986 1474 2059 Geli.
1498 1988 1700 2080 friderici,
1728 1989 1866 2088 Episto-

1101 2089 1172 2157 lam
1210 2090 1451 2159 Romanorum
1488 2090 1529 2160 ad
1566 2091 1769 2162 Contadum
1799 2095 1865 2164 111.

1104 2189 1234 2284 Regem
1276 2187 1386 2257 Anno
1421 2189 1617 2261 mcxlv.
1653 2192 1713 2262 ubi
1741 2192 1863 2289 ajunt:

227 2290 441 2378 Btlfredum
483 2314 541 2362 atet
581 2295 752 2385 Berttsca,
781 2322 876 2390 neque
902 2297 995 2368 aliud
1035 2307 1054 2375 (
1102 2289 1342 2375 fortitudines,
1370 2287 1446 2374 idest
1470 2296 1585 2359 Turres
1612 2293 1655 2360 (J
1681 2294 1785 2362 domos
1807 2318 1867 2390 po-

223 2388 433 2482 aedifirium
474 2396 558 2488 quod
582 2399 627 2467 ad
652 2397 857 2467 munitiorem
896 2398 993 2486 perri-

227 2513 321 2565 rttat.
357 2499 421 2566 sed
456 2524 552 2592 neque
581 2498 676 2592 super
700 2503 842 2594 antiquit
879 2500 993 2571 Turri-

225 2595 283 2665 bus
318 2597 375 2665 vel
416 2598 494 2667 aliis
529 2600 685 2690 aedificiis
715 2600 994 2694 superaedificetur

171 2762 173 2767 .
224 2696 381 2790 aliquid,
407 2701 491 2794 quod
516 2704 562 2771 ad
587 2701 791 2771 munitionem
815 2703 993 2792 pertineat.

228 2799 282 2867 lta
303 2796 340 2870 dc
364 2797 401 2870 in
424 2801 574 2873 Statutis
596 2801 878 2895 Pistorienstbus,
905 2829 994 2898 quae

184 2934 190 2942 ’
229 2893 309 2969 heic
339 2898 472 2995 publici
501 2901 587 2997 juris
607 2901 732 2974 saciam
754 2906 786 3003 ᾗ.
810 2930 870 3000 99.
893 2907 993 2976 Prae·

1100 2410 1220 2459 tentum
1249 2391 1367 2471 Urbis,
1409 2390 1466 2485 qui
1503 2391 1603 2476 vellen
1643 2395 1776 2486 imperio
1801 2423 1870 2468 utto

1100 2518 1168 2562 eum
1193 2492 1300 2562 siculo
1325 2492 1369 2560 (θ’
1386 2498 1500 2588 Papa,
1528 2493 1662 2580 refillere
1683 2503 1867 2592 parabant,

1102 2594 1235 2687 cepimus
1245 2621 1265 2680 ;
1305 2594 1348 2662 (ἲ
1374 2593 1526 2690 quasdam
1553 2597 1587 2665 itt
1615 2598 1718 2683 vestra
1749 2597 1868 2688 fideli-

1102 2716 1168 2764 tate
1193 2716 1360 2782 terremur,
1396 2695 1549 2790 quasdam
1575 2705 1649 2767 veri
1678 2700 1868 2788 subverten-

1102 2816 1147 2865 tes
1169 2796 1236 2887 solo
1262 2798 1521 2890 coaequavimus.
1549 2800 1607 2870 Ad
1637 2799 1720 2872 baec
1740 2802 1867 2874 Gibel·

1101 2897 1185 2968 linis
1213 2894 1251 2969 ὅ(
1279 2893 1415 2970 Guelfis
1453 2899 1750 2975 contendentibus
1776 2930 1867 2998 quo·

229 3015 288 3070 tor
329 2999 447 3098 jurat,
485 3002 518 3075 sc
557 3029 626 3075 non
670 3007 910 3101 permissurum
961 3006 995 3074 in
1101 2996 1169 3070 ties
1206 3024 1274 3070 una
1320 3022 1396 3095 pars
1431 2997 1580 3073 Civium
1619 3002 1715 3075 villa
1753 3007 1866 3077 solum

228 3100 377 3172 civitate
402 3104 541 3188 pistoria
565 3107 707 3201 aliquam
735 3114 863 3178 Turrim
888 3133 993 3179 mura.
1104 3119 1238 3173 vertere
1265 3099 1477 3198 cogebatur,
1513 3104 1623 3175 altera
1666 3102 1799 3177 vibicix
1827 3105 1866 3178 in

227 3200 277 3287 ri,
314 3231 367 3274 ree
404 3205 438 3275 ia
471 3207 538 3295 luis
566 3210 669 3279 burcis
708 3214 794 3280 ultra
820 3208 994 3302 mensuram
1036 3199 1067 3266 D
1101 3199 1325 3301 expulsorum
1370 3203 1502 3277 Turres
1543 3201 1755 3286 saeviebat,
1805 3223 1867 3282 out

228 3306 339 3374 Turris
360 3305 504 3396 filiorum
525 3319 682 3403 quondam
703 3314 886 3406 ildeprandi
908 3317 992 3382 Van·
1102 3330 1157 3376 eas
1184 3302 1374 3399 dejiciens,
1402 3323 1461 3375 aut
1482 3303 1534 3377 ila
1554 3334 1572 3379 a
1593 3308 1870 3382 culmineexle-

135 3478 147 3495 ρ
227 3405 322 3486 elini,
364 3405 411 3485 ὅ)
447 3410 534 3479 ultra
571 3417 694 3481 madum
728 3414 994 3501 damnatam,
1062 3491 1065 3497 Α
1102 3429 1237 3492 nuans,
1265 3422 1305 3475 ut
1331 3404 1544 3500 reliquarum
1575 3408 1713 3480 aedium
1743 3409 1870 3481 altitu-

229 3528 263 3575 ut
292 3495 408 3579 Turres
434 3516 564 3599 desuper
590 3514 733 3607 aequales
754 3512 864 3602 fiam.
1101 3505 1221 3577 dinem
1264 3504 1414 3577 minime
1452 3507 1688 3583 excederent.
1730 3507 1871 3582 Ausior

280 3611 387 3698 Quod
417 3610 437 3678 st
467 3608 557 3680 sorte
587 3610 801 3695 sciscitetis,
842 3609 927 3704 quid
955 3609 996 3681 de
1103 3604 1277 3676 chronici
1315 3604 1416 3700 parvi
1453 3606 1707 3690 terraticum,
1748 3611 1871 3683 T⁰m⁰

114 3702 119 3710 ’
230 3726 332 3779 antea
370 3708 567 3782 aedilitatis
614 3709 745 3784 {assum
792 3709 899 3782 luerit
944 3737 995 3781 re·
1105 3707 1207 3775 Vlll·
1231 3707 1309 3774 Rer·
1330 3703 1485 3778 Italicar-
1510 3733 1586 3806 pag.
1610 3716 1697 3803 482.
1721 3715 1868 3786 Saeculo

1106 3807 1204 3876 x111.
1232 3804 1317 3878 baec
1343 3804 1459 3880 literis
1486 3808 1725 3909 consignavit:
1755 3813 1870 3898 canifi

1097 3909 1175 3998 stent
1201 3907 1308 4002 itaque
1333 3908 1431 3977 Cives
1458 3915 1627 3982 Ferrariae
1654 3917 1871 4004 alterutrum,

229 3807 389 3905 sponsum
431 3812 582 3892 habeto,
628 3813 760 3883 duabus
797 3814 839 3882 de
875 3809 996 3884 caussis

227 3937 284 3984 eas
312 3910 394 3986 stare
435 3910 588 3987 debilse.
629 3917 754 3985 Altera
791 3913 836 3983 est
865 3912 994 4010 injuria

230 4015 422 4100 temporis,
451 4015 592 4111 quippe.
608 4017 747 4112 aliquot
775 4035 835 4087 aut
855 4042 896 4087 ex
920 4034 993 4086 tur·
1102 4037 1184 4081 aare
1209 4009 1300 4077 “lus
1326 4011 1409 4079 ‘Ml‘
1428 4010 1596 4098 secundi&
1636 4041 1718 4086 nunc
1750 4018 1871 4088 adver-

228 4114 350 4187 binum
383 4116 443 4200 ri.
479 4137 540 4188 aut
576 4144 618 4188 ex
656 4116 792 4188 incuria
828 4117 992 4189 domino·
1034 4097 1062 4166 Ε
1095 4109 1163 4194 fir.
1191 4108 1328 4182 aurive·
1351 4138 1373 4182 a
1399 4110 1575 4203 majtrt'btts
1597 4137 1699 4206 natu,
1726 4122 1809 4214 quod
1833 4117 1871 4189 iro
2006 4119 2012 4128 '

225 4242 326 4299 rum,
356 4235 417 4289 aut
443 4244 486 4288 ex
522 4217 688 4288 vetullate
718 4218 818 4287 rimis
854 4236 992 4289 contra·
1101 4212 1319 4306 quadraginta
1362 4240 1516 4285 annorum
1570 4220 1721 4288 curriculo
1767 4221 1872 4291 alteret

158 4354 161 4359 ·
225 4317 293 4392 slis
331 4318 475 4417 spondie
513 4337 740 4391 corruerunt.
785 4317 922 4390 Auc'ior
949 4318 994 4390 est
1100 4333 1178 4401 pars
1213 4312 1348 4380 alteram
1372 4316 1515 4387 deciere
1547 4318 1697 4389 Ciuitate
1731 4317 1870 4410 extruse-

229 4421 406 4503 Trontiup
435 4423 471 4494 in
506 4420 637 4498 H'llnr.
680 4417 800 4492 Pisana
838 4427 879 4490 ad
916 4424 993 4492 An.
1103 4433 1155 4483 rat
1181 4408 1254 4488 &a
1289 4416 1412 4506 Accepi
1442 4438 1522 4512 puer
1545 4446 1567 4489 a
1592 4417 1739 4489 Genitore
1777 4446 1869 4501 meo,

228 4544 311 4593 num
343 4527 638 4600 MCCCXXXV.
660 4551 678 4594 a
704 4519 880 4594 dirissimo
908 4546 994 4592 ven·
1104 4515 1232 4585 hiberno
1267 4534 1401 4609 tempere
1439 4519 1660 4608 confabularer
1701 4520 1736 4590 in
1774 4523 1868 4611 lare,

229 4637 269 4691 10
307 4627 505 4714 prostratam
549 4626 647 4700 tuiste
684 4627 811 4698 Turrim
838 4624 995 4713 Judirum

231 4726 409 4813 Gallurae,
459 4729 552 4810 fitam
606 4733 647 4799 ad
694 4731 838 4799 Plateam
884 4733 992 4795 Porro·

229 4851 321 4903 tum,
359 4829 407 4905 ῤ’
430 4829 489 4918 [ub
513 4832 579 4920 ejus
609 4829 708 4898 ruini·¹
735 4826 854 4923 periiffe
878 4830 996 4897 circiter

227 4927 364 5005 homines
400 4931 650 5022 qreinquaginra.
692 4933 891 5002 Polnmruc
922 4933 993 5000 Lu-

229 5027 336 5106 censis
362 5030 401 5105 in
428 5031 600 5107 Annaltb.
632 5032 675 5106 ad
717 5035 863 5107 Annum
898 5031 994 5108 Mc·

1104 4620 1186 4709 quud
1224 4613 1294 4703 ejus
1333 4639 1466 4713 tempore
1505 4620 1634 4693 viderat
1660 4620 1695 4692 itt
1721 4622 1870 4694 Ciuitate

1106 4717 1274 4790 ferrariae
1308 4723 1424 4790 Turres
1461 4723 1549 4792 altar
1587 4724 1725 4822 triginta
1757 4731 1868 4805 duas,

1104 4845 1183 4915 quas
1233 4844 1301 4887 mox
1339 4821 1430 4889 vidit
1467 4823 1620 4912 prosterni
1668 4827 1715 4903 (γ’
1754 4824 1843 4894 dirui
1855 4879 1866 4901 .

1106 4922 1201 4996 ldem
1228 4921 1261 4991 dc
1292 4916 1378 4992 alibi
1407 4917 1539 4992 saliunt
1567 4921 1635 5012 est,
1671 4926 1705 4998 δι
1734 4926 1867 5023 praeci·

1103 5051 1170 5129 pue
1197 5047 1305 5120 quum
1334 5039 1397 5095 aut
1421 5021 1550 5129 delesli
1577 5046 1639 5103 aut
1673 5023 1795 5103 intrusi
1822 5031 1867 5107 ad

1146 5129 1181 5203 N
1236 5149 1260 5198 2
1513 5182 1518 5189 -
1710 5131 1813 5205 Prin-
