4214 6014
275 362 366 476 '273'
590 343 961 442 DISSERTATIO
998 341 1379 437 VlGliSlMASEX
1384 343 1466 435 TA
1472 402 1486 433 .
1714 349 1802 463 2'74

223 473 350 550 ltaliae
385 470 472 549 litus
504 467 567 544 diu
600 468 831 546 infestarunt.
858 471 984 566 Atque
1016 471 1053 542 A
1087 463 1322 540 rrceffendum
1354 464 1566 540 vocabulum
1596 466 1762 559 noga-a,
1799 462 1857 542 uti

224 601 268 649 cx
294 575 365 676 ipsa
388 573 534 647 nesanda
554 593 658 674 gente
685 570 793 672 primi
817 572 983 645 omnium

224 678 353 758 Siculi,
389 697 464 750 tum
501 674 610 749 ceteri
637 673 887 747 Occidentales
914 675 982 745 Po·

223 778 295 878 puli
322 776 476 851 mutuati
514 773 595 849 sunt
621 799 747 848 vocem
776 774 984 856 Amiraliur,

122 948 126 956 ,
221 881 436 962 Amiraldrrr,
450 877 684 955 Admiratus,
698 881 894 947 Admiratus
910 874 985 954 &n

148 993 151 1000 '
221 996 260 1052 ut
286 978 487 1079 supremum
513 975 609 1048 claffi
637 973 854 1048 Praesesium
882 972 987 1072 signi·

220 1078 407 1167 ficarent,
447 1102 555 1174 quum
597 1078 784 1150 Saracenos
826 1075 988 1149 audirent

222 1187 274 1254 ita
302 1179 440 1253 suarum
469 1175 622 1250 classium
653 1181 767 1251 Duces
795 1178 988 1274 compellu-

224 1304 286 1380 re;
323 1279 477 1354 Arabica
510 1278 606 1352 enirn
635 1304 706 1351 vox
733 1279 862 1366 Amir,
898 1304 987 1375 quae

1090 572 1156 641 Du·
1168 567 1327 668 Congius
1353 587 1455 640 antea
1482 565 1647 645 monuit,
1674 592 1745 638 non
1771 573 1857 643 vero

1089 696 1108 743 e
1147 673 1364 743 Graecorum
1405 669 1571 769 Lingua,
1613 667 1703 740 unde
1744 695 1857 754 eam,

1090 768 1147 846 sed
1182 770 1326 846 funibus
1361 769 1555 860 adhibitis,
1594 770 1736 844 deducit
1772 769 1859 846 Me·

1089 871 1237 973 nagins.
1274 874 1339 948 Sed
1376 899 1437 947 cur
1466 876 1586 944 mara
1612 873 1859 948 Saracenicum

1091 972 1295 1049 conversum
1329 974 1367 1049 in
1396 979 1567 1070 Dogana?
1603 973 1727 1046 Liceat
1763 973 1856 1050 milri

1091 1073 1267 1150 somnium
1310 1075 1521 1176 producere.
1561 1075 1732 1148 Germani
1768 1078 1858 1157 Dock

1091 1180 1228 1250 Canem
1248 1179 1451 1278 appellant,
1478 1182 1591 1273 Drggr
1615 1177 1764 1274 Belgae,
1787 1183 1861 1273 Dog

1093 1276 1228 1377 Angli.
1254 1279 1412 1354 Fieri-ne
1432 1305 1516 1379 crgo
1537 1277 1681 1379 potuit,
1700 1298 1739 1350 ut
1758 1280 1861 1353 Mer·

223 1379 317 1456 idem
344 1380 390 1454 ell
425 1407 466 1453 ac
492 1379 608 1462 Emir,
645 1377 683 1455 ἃ
710 1382 857 1467 Amira,
895 1379 986 1452 unde
1022 1376 1052 1446 B
1093 1397 1229 1452 catores
1255 1377 1452 1454 Chrrlliani
1488 1380 1527 1454 in
1553 1376 1715 1454 Orientis
1741 1380 1860 1479 rrgio·

221 1483 377 1580 reliquae
413 1482 616 1577 efformatae
656 1480 769 1569 sunt,
806 1482 986 1571 Principem

220 1585 418 1666 Dominum,
446 1580 515 1655 five
551 1580 750 1673 Praefodiunt
785 1578 984 1678 significet.

222 1683 426 1758 franciscus
446 1702 564 1757 tamen
590 1684 714 1773 Junius
734 1703 857 1781 putat,
882 1685 982 1756 Ami-

220 1786 340 1857 ralium
377 1781 553 1881 proficisci
588 1810 657 1857 non
685 1811 729 1858 ert
756 1810 828 1858 uno
857 1785 984 1858 Arabi·

222 1911 266 1960 co
292 1885 435 1975 Λαίνα,
463 1882 517 1958 sed
541 1881 580 1957 dt
607 1912 650 1958 ex
673 1888 810 1958 Graeco
837 1893 922 1959 ἕως.
948 1905 986 1958 ur

222 1985 265 2060 sit
299 1987 384 2058 mari
417 1984 628 2077 Praefrslur.
667 1986 802 2060 Pariter
828 1989 893 2082 (ut
920 1986 986 2058 hoc

221 2087 339 2163 obiter
375 2087 565 2186 moneam)
592 2089 636 2160 ab
671 2085 791 2160 eadem
830 2089 985 2160 Arabum

221 2209 328 2292 gente
354 2187 509 2263 mutuari
537 2187 617 2262 sunt
644 2187 748 2261 nostri
777 2191 988 2262 vocabulum

1091 1478 1195 1553 nibus
1235 1480 1395 1570 versati,
1434 1507 1545 1579 quum
1587 1479 1720 1581 rigidos
1761 1483 1857 1557 ultra

1089 1607 1240 1676 acquum
1292 1583 1500 1680 publicanos
1549 1581 1600 1656 ibi
1651 1580 1856 1674 sentirent,

1090 1680 1184 1779 quast
1233 1683 1359 1757 domus
1403 1687 1543 1758 Canum
1595 1682 1687 1759 foret
1735 1689 1857 1756 Druna

1091 1785 1369 1876 Saracenicum,
1415 1784 1454 1859 in
1490 1793 1629 1883 Dogana
1668 1806 1855 1861 converte-

1090 1883 1191 1959 rint?
1219 1884 1329 1960 Certe
1365 1913 1408 1960 ex
1438 1887 1573 1961 Arabia
1610 1886 1652 1960 ad
1691 1914 1754 1962 nos
1790 1888 1853 1961 de·

1092 1988 1164 2057 lata
1190 1986 1235 2061 cll
1262 2013 1334 2059 vox
1364 1989 1594 2082 Magazzino,
1620 1988 1655 2058 ἃ
1685 1993 1855 2070 Fondato,

1094 2111 1164 2158 non
1191 2104 1308 2160 autem
1337 2112 1356 2158 a
1385 2089 1519 2160 Latino
1546 2090 1720 2168 fundum,
1746 2089 1801 2161 uti
1825 2088 1859 2161 i-

1093 2190 1171 2261 dem
1201 2186 1391 2284 Menagius
1413 2184 1572 2276 censuit,
1599 2212 1712 2287 neque
1738 2190 1781 2261 ab
1801 2195 1859 2261 A·

220 2291 407 2382 Mense,
445 2289 514 2363 stre
549 2307 591 2365 ut
631 2293 761 2363 Danres
788 2293 896 2363 Cant.
929 2313 988 2364 21.
1027 2294 1056 2365 C
1092 2290 1240 2384 preberet,
1275 2286 1329 2361 uti
1359 2286 1537 2361 Ferrarius
1578 2286 1641 2362 fibi
1669 2286 1833 2388 persuasit
1847 2278 1867 2366 .’

221 2391 353 2467 Insern.
380 2394 539 2494 appellat
562 2395 728 2484 Aaron,
756 2390 934 2466 scribens:

274 2549 385 2640 ,Quale
410 2541 487 2615 trell'
502 2548 647 2638 Arzand
670 2541 721 2616 λε’
737 2544 915 2641 νιηιζὶιηὶ

261 2647 369 2727 ,Bone
393 2643 420 2716 Γ
430 2648 563 2717 innerno
587 2647 632 2751 la·
647 2669 756 2718 renate
775 2668 869 2743 pere.

225 2796 462 2896 DuCangius
482 2799 643 2889 Arsenalr
667 2813 770 2896 putet
792 2805 987 2870 Amam-

224 2899 375 2969 rarium:
414 2899 539 2994 parium
581 2895 759 2971 feliciter:
804 2895 990 2997 Significat

224 2997 321 3071 enirn
343 3003 496 3079 Narrate,
521 2999 640 3070 locum
668 2996 826 3078 [filicem
853 2999 891 3070 in
918 3023 1009 3094 quo·
1038 3094 1041 3100 .

223 3097 390 3174 fabricari
430 3119 492 3172 aut
530 3097 659 3172 serrari
700 3099 815 3173 solent
852 3124 988 3173 naves.

1094 2389 1211 2464 Cisras
1247 2415 1389 2486 quoque
1425 2387 1650 2475 numericas,
1687 2388 1758 2467 live
1793 2418 1859 2466 nu·

978 2526 981 2531 ·
1095 2517 1238 2571 meros,
1274 2492 1402 2589 quibus
1438 2516 1532 2564 nunc
1567 2490 1729 2583 utimur,
1765 2519 1856 2569 non·

1094 2592 1186 2667 nulli
1214 2617 1285 2665 non
1313 2592 1497 2667 immerito
1524 2590 1665 2668 censent
1691 2621 1735 2669 ex
1764 2598 1858 2669 Ara·

1094 2696 1176 2767 bum
1204 2693 1422 2767 commercio
1449 2694 1492 2769 nd
1519 2721 1584 2768 nos
1612 2697 1766 2771 venisse.
1793 2696 1859 2775 Sed

1079 2798 1163 2892 iam
1191 2795 1370 2870 Saracenis
1396 2792 1547 2871 dimiffis
1574 2801 1728 2873 Graecos
1755 2797 1859 2874 adea·

1093 2924 1197 2978 mus,
1232 2896 1361 2995 quibus
1398 2923 1440 2970 eo
1477 2898 1554 2996 ipso
1590 2918 1750 2999 ternpore
1784 2900 1857 2977 suit

1094 3024 1165 3071 non
1193 2996 1382 3070 mediocris
1409 2999 1612 3072 maritimae
1639 3002 1690 3073 rei
1728 3001 1857 3098 peritia

1094 3118 1201 3197 atque
1228 3097 1415 3196 potentia.
1443 3101 1554 3174 Erant
1580 3098 1627 3174 iis
1654 3100 1792 3174 validae
1819 3127 1861 3175 ac

223 3200 414 3276 Existimat
439 3199 573 3290 etiam,
611 3200 778 3277 Italicum
806 3199 894 3276 illnd
923 3228 987 3276 vo·
1027 3204 1060 3274 D
1095 3199 1298 3276 numerosae
1324 3202 1465 3292 classes,
1503 3200 1573 3278 fine
1608 3201 1737 3300 quibus
1763 3200 1862 3279 diffi-

222 3306 385 3377 cabulutn
413 3301 601 3376 dedusium
630 3303 673 3375 ab
699 3312 801 3389 An,
835 3330 916 3399 quae
935 3303 984 3395 so

222 3405 385 3498 quioribus
412 3403 545 3475 Latinis
574 3403 766 3474 Maesium
794 3404 987 3474 denotavit.

222 3505 287 3577 Sed
324 3501 362 3575 ἃ
400 3503 468 3575 hoc
499 3503 623 3575 everi
658 3501 893 3575 fimilitudine
928 3504 987 3574 ab·

223 3603 367 3676 horret.
394 3601 509 3698 Origo
535 3600 637 3672 vocis
661 3608 806 3692 Arrana
829 3598 868 3672 δι
887 3600 990 3688 Arse-

225 3705 300 3775 nale
326 3699 372 3774 est
406 3702 450 3774 ab
480 3699 636 3774 Arabico
671 3705 860 3790 Daremaa,
896 3697 990 3796 quod

223 3804 320 3879 idem
363 3800 462 3875 sonat
501 3821 609 3900 atque
641 3802 830 3890 Arlrrrale.
871 3805 989 3874 Immo

221 3904 326 3978 nobis
353 3930 493 4001 quoque
519 3903 643 3976 eodem
669 3901 768 3976 sensu
795 3903 832 3976 iu
861 3903 921 3976 usu
941 3900 988 3975 est

223 4032 297 4081 uox
325 4007 494 4094 Darlrna,
530 4006 629 4079 locus
665 4029 791 4102 nempe
827 4004 985 4084 clausus,

1093 3322 1147 3376 tas
1175 3302 1377 3397 provincias
1415 3301 1454 3374 in
1481 3303 1606 3377 officio
1641 3304 1793 3380 retinere
1819 3330 1861 3380 ac

1095 3401 1184 3475 tueri
1198 3401 1349 3473 minime
1359 3401 1572 3498 potuissent.
1590 3402 1741 3475 Proinde
1753 3405 1861 3479 Lint-

1096 3501 1228 3598 prando
1258 3498 1488 3574 Cremonenfi
1525 3502 1762 3601 Episcopo&
1792 3506 1865 3578 Le·

1097 3619 1181 3697 gato
1207 3601 1357 3671 Ottonis
1384 3600 1513 3700 Magni
1541 3600 1692 3701 Augusti
1720 3602 1763 3678 ad
1783 3602 1864 3684 'Ni-

1097 3698 1290 3797 cephorum
1323 3702 1540 3775 Graecorum
1579 3703 1865 3803 Imperatorem.

1095 3817 1136 3873 ut
1163 3796 1236 3898 ipse
1262 3798 1385 3875 aussor
1402 3801 1449 3875 est
1475 3801 1513 3877 in
1533 3803 1771 3899 descriptione
1791 3813 1864 3886 Le-

1094 3899 1252 4000 gationis
1277 3900 1379 3993 suae,
1408 3906 1501 3978 Part.
1521 3904 1550 3980 l.
1569 3905 1681 3982 Tomi
1711 3911 1757 3983 tt.
1780 3914 1865 4003 Rer,

1095 4003 1249 4077 Italicar.
1264 4003 1304 4078 in
1319 4003 1405 4079 haec
1424 4006 1533 4080 verba
1548 4011 1658 4083 Anno
1672 4012 1865 4089 DCCCC³

223 4107 285 4182 ubi
326 4104 567 4177 custodiuntur
593 4130 707 4176 naues
741 4105 785 4177 ad
825 4104 983 4198 quietem
1026 4100 1057 4171 E
1092 4107 1265 4180 LllVlll.
1304 4105 1502 4182 insultabat
1536 4112 1756 4191 Graeculus:
1794 4122 1864 4192 Ner

223 4205 412 4282 deduslae.
445 4205 601 4294 Arsene,
636 4205 782 4291 Arsene
815 4204 861 4276 esi
893 4205 985 4292 apud

221 4309 448 4410 Raphainurn
462 4301 672 4380 Carelinum
685 4300 895 4377 in‘llilloria
914 4310 987 4379 Ve-

159 4486 164 4499 ,
225 4431 328 4492 neta,
352 4414 474 4485 Tomo
512 4409 593 4480 xtt.
632 4408 713 4479 Rer.
749 4401 904 4477 Italicar.
938 4410 986 4480 Et

227 4512 373 4599 Tarsam
399 4511 476 4607 (ita
500 4509 735 4584 immutatum
756 4503 926 4601 Darsera)
945 4503 987 4577 fi-

226 4637 273 4684 ve
297 4612 495 4701 Tarsouras
519 4619 644 4708 Regrrrs
669 4604 858 4701 Meffrmar,
891 4606 986 4679 idem'

225 4711 425 4814 fignificans
464 4712 619 4784 occurrit
666 4710 758 4811 upud
779 4705 990 4783 .·Bartholo·'

130 4820 132 4824 ’
225 4822 369 4890 maeum'
394 4816 438 4886 de
475 4809 664 4887 Neocaslro
696 4811 736 4886 in
770 4810 904 4888 Histor.
932 4809 988 4886 Si·

227 4920 298 4992 cul.
336 4917 455 4988 Tomo
492 4916 592 4987 1111.
628 4916 707 4988 Rrr.
741 4910 895 4989 Italicar.
930 4917 988 4988 Ex

223 5018 384 5099 Arabica
411 5015 708 5118 pariter..Lingud
731 5013 991 5093 mihi-viderur

1091 4206 1137 4293 ess
1161 4207 1196 4275 in
1222 4209 1309 4276 mari
1332 4212 1471 4281 Durine
1496 4232 1552 4283 rur
1584 4215 1725 4307 claffium
1750 4240 1864 4286 rome·

1092 4327 1167 4375 rur.
1193 4306 1436 4400 Nauigmirrrrr
1458 4311 1616 4399 fortitudo
1640 4314 1724 4378 mibi
1743 4311 1807 4399 soli
1832 4309 1865 4380 it

1092 4402 1179 4491 nell,
1204 4406 1262 4499 qui
1286 4430 1357 4475 rum
1381 4409 1530 4502 elaffibur
1554 4406 1754 4505 aggrediar:
1780 4410 1864 4489 brllr

1092 4504 1274 4577 maritimas
1307 4502 1378 4593 einr
1398 4511 1564 4583 rivium
1603 4507 1780 4594 demoliar,
1812 4507 1864 4589 &r

1091 4631 1173 4702 quar
1201 4602 1399 4697 fluminibus
1431 4611 1514 4704 sm
1546 4609 1682 4707 uicina,
1716 4608 1864 4707 redigam

1092 4705 1332 4798 insruillam.
1452 4722 1470 4735 ”
1626 4720 1633 4743 ³
1683 4760 1686 4775 .
1855 4708 1862 4719 “

1145 4805 1259 4884 Primi
1298 4830 1383 4908 ergo
1404 4834 1467 4883 :ex
1508 4812 1671 4888 Italicis·
1690 4810 1860 4912 populls,

1091 4911 1155 5010 qui
1183 4907 1354 4984 militaris
1383 4905 1566 5008 potentiae
1595 4907 1635 4984 in
1661 4915 1752 4991 mari
1779 4920 1860 5021 glo*

1091 5016 1183 5091 riam
1209 5011 1455 5104 rellituerunt,
1481 5007 1520 5089 ἃ
1543 5009 1866 5197 adhucinslpglia
