4214 6014
288 346 372 457 p,
563 330 934 423 orssunrarro
979 329 1535 425 vronsrrrasnrrrrra;
1636 296 1639 300 ’
1731 365 1753 451 5
1757 370 1815 444 90

220 458 270 537 est
295 454 539 538 renuntiatus,
577 454 612 526 dc
655 456 739 526 Dux
767 452 990 527 ferrariaea
1038 460 1069 531 A
1112 449 1248 553 Insigne
1290 449 1497 550 Principum
1538 445 1752 534 Ellenlium,
1794 480 1875 529 cum

226 564 337 638 Paulo
385 559 436 634 ll.
485 560 578 657 Papa
631 557 742 628 Anno
791 557 986 630 MCCCC·

275 768 400 840 Nonus
426 788 471 837 ex
496 778 642 855 argento
660 759 695 831 8(
716 783 816 849 aere,
844 756 881 833 in
903 763 987 834 Mu·

223 861 281 939 seo
308 864 559 939 Bertacchinio
585 860 781 935 Mutinensi
808 859 987 950 exsiliens,

221 963 261 1051 in
289 991 359 1040 una
383 963 474 1038 sacie
500 962 605 1037 ossert
641 961 812 1059 Aquilam
859 961 988 1058 bicipi·

223 1072 296 1140 tem
325 1092 405 1151 cum
433 1091 586 1149 corona,
612 1067 647 1136 δι
676 1089 754 1136 cum
783 1062 986 1161 inscriptio-

222 1194 267 1242 ne
295 1169 496 1241 BORSlVS
538 1170 662 1239 DVX.
698 1164 739 1238 ln
776 1165 885 1238 altera
913 1162 989 1237 scu·

224 1283 330 1357 tum,
370 1295 451 1342 cum
477 1264 670 1366 insignibus
696 1261 878 1340 Civitatis
903 1270 986 1339 Fer·

1112 555 1227 629 literis
1285 555 1322 632 in
1386 551 1538 628 circuitu
1600 555 1875 631 HERCVLES.

1115 663 1217 730 DVX
1245 655 1315 732 &n
1332 654 1468 733 scilicet
1486 654 1624 731 Primus
1646 656 1790 731 Nicolai
1811 662 1875 733 111.

1112 759 1337 834 Marchionis
1382 755 1505 832 lilius.
1526 838 1529 842 ,
1552 760 1593 828 In
1638 759 1749 830 altera
1785 756 1876 832 facie

1112 863 1353 955 Monnceros,
1392 855 1643 961 &epigraphe
1670 862 1736 932 DE
1763 863 1876 935 FER-

1112 970 1271 1041 RARIA
1284 1018 1295 1040 .

1164 1068 1332 1144 Decimus
1358 1079 1503 1166 quartus
1522 1087 1668 1154 aurens,
1695 1061 1875 1137 ferrariae

1110 1173 1201 1259 apud
1231 1166 1404 1246 Dominus
1430 1163 1630 1242 Containos
1650 1163 1874 1246 adsectatus,

1112 1271 1349 1353 Numismatis
1388 1269 1539 1344 sormam
1580 1264 1708 1368 gerit,
1749 1263 1788 1340 ἀ
1829 1264 1875 1339 ad

223 1369 355 1450 cariae,
383 1372 417 1442 δι
445 1395 526 1443 cum
552 1366 668 1442 literis
695 1369 734 1440 in
755 1367 891 1440 limbos
921 1371 986 1441 DE
1037 1381 1065 1452 Β
1108 1378 1270 1451 eumdem
1295 1367 1701 1468 Herculem1‚speaat‚
1728 1356 1874 1441 lbicef.

224 1474 501 1556 FERRARIA.
595 1526 598 1531 -

227 1636 236 1645 .
276 1570 466 1646 Decimum
503 1568 661 1645 adservat
697 1568 791 1644 idem
822 1568 984 1646 Musenm

225 1671 531 1761 Bertacchininm.
553 1673 607 1745 Ad
625 1674 883 1771 praelaudatum
899 1677 987 1746 Bor·

185 1868 189 1875 ¹
225 1774 310 1853 lium
342 1778 475 1847 Ducem
505 1773 677 1871 pertinet.
713 1775 849 1847 Similis
890 1802 987 1874 prae·

225 1874 364 1950 cedenti
391 1874 458 1963 est,
500 1872 564 1948 nist
600 1873 694 1969 quod
722 1880 865 1949 Scutum
894 1875 988 1949 anti·

225 1979 351 2076 quiora
395 1975 544 2066 exhibet
587 1973 766 2052 Ciuitatis
812 1979 989 2053 ferrariae

226 2077 402 2178 insignia.

279 2177 522 2254 Undecimum
551 2177 699 2277 possidet
734 2206 876 2279 quoque
905 2184 988 2255 Ber-

1110 1477 1208 1555 nitnr
1235 1477 1379 1553 Sanetus
1400 1472 1596 1550 Maurelius
1616 1469 1725 1554 stans,
1753 1493 1792 1541 ac
1813 1470 1873 1542 be-

1109 1580 1273 1656 nedicens
1312 1576 1404 1652 Duci
1439 1577 1478 1652 in
1515 1599 1626 1673 genua
1655 1570 1873 1671 provoluto,

1109 1706 1188 1753 cnm
1218 1683 1273 1756 his
1300 1679 1415 1754 literis
1442 1679 1479 1751 in
1507 1676 1642 1749 limbo:
1675 1678 1708 1746 S.
1735 1675 1872 1745 MAv-

1109 1786 1297 1883 RELIYS.
1325 1781 1530 1856 HERcutes
1565 1779 1670 1848 Dvx
1706 1776 1874 1847 FERRa-

1108 1886 1206 1957 rr'ae.
1250 1888 1291 1957 In
1334 1880 1463 1982 pollici
1515 1877 1634 1977 imago
1678 1873 1874 1949 salvatoris

1058 2010 1061 2015 ·
1107 1983 1226 2057 llantis
1253 2009 1333 2058 cnm
1360 1981 1476 2056 literis
1503 1980 1634 2051 iesvs
1661 1973 1871 2071 suppositis.

1107 2086 1321 2158 Circumstat
1347 2082 1415 2156 hoc
1442 2083 1594 2154 lemma:
1632 2079 1788 2152 SALVS
1813 2076 1873 2152 IN

1107 2189 1174 2259 ΤΕ
1203 2184 1555 2260 SPERANTIVM.

229 2278 428 2355 tacchinius
455 2280 493 2354 in
522 2281 582 2354 suo
604 2280 748 2354 Museo.
778 2282 834 2357 Ibi
855 2281 891 2356 in
913 2308 990 2355 area
1033 2289 1065 2362 C
1160 2288 1329 2362 Decimus
1373 2282 1562 2385 quinslus‚
1611 2275 1779 2353 Mutinae
1832 2275 1871 2351 ln

227 2387 408 2457 Monocernr
434 2407 512 2455 cum
541 2381 744 2481 epigraphe
767 2388 809 2474 ᾧ
843 2387 988 2457 FERA·

228 2487 311 2557 urn
341 2487 383 2556 n.
412 2487 691 2559 cornicen.
720 2483 761 2558 1n
782 2484 911 2582 postica
935 2484 990 2557 vi·
1040 2553 1042 2556 ,

225 2582 312 2658 litut
350 2587 479 2680 Aquila
515 2585 632 2682 biceps
673 2607 863 2660 coronata.
904 2582 991 2659 Cir-

228 2683 398 2758 cumstant
434 2687 558 2758 literae
593 2691 636 2776 ᾧ
664 2690 814 2761 CLAR.
842 2690 989 2761 COMI·

228 2789 350 2860 TAT.
374 2789 546 2860 lNSlGE.
572 2788 690 2860 Prima
711 2786 898 2886 inscriptio
919 2788 990 2860 loc-

226 2885 310 2960 taffe
337 2884 509 2984 significat
545 2890 713 2976 ferrariae
749 2893 851 2961 Decus
876 2890 990 2961 Corni-

223 3013 303 3086 ger,
329 2987 414 3060 idest
443 2993 674 3061 Monoceros.
702 2990 857 3063 Secunda
885 2995 991 3077 uero,

227 3089 361 3164 Clarum
397 3094 590 3160 domitarum
627 3088 774 3185 infigere,
814 3093 873 3164 vel
899 3092 993 3163 Clari

1109 2388 1234 2464 Museo
1262 2386 1538 2467 Bertacrhinio,
1581 2383 1751 2479 Aquilam
1780 2377 1871 2454 bici-

1108 2491 1244 2591 pitem,
1273 2488 1408 2590 Insigne
1428 2483 1634 2582 Principum
1658 2479 1871 2570 Ellensrum,

1108 2592 1275 2676 exhibet.
1327 2616 1405 2665 cum
1456 2582 1713 2680 circumpositis
1752 2581 1869 2657 literis

1107 2695 1371 2768 HERCVLES
1398 2693 1524 2763 DVll.
1562 2691 1601 2760 ln
1628 2711 1705 2759 area
1732 2680 1871 2757 aversae

1108 2794 1217 2894 partis
1244 2791 1367 2868 uisitur
1392 2817 1527 2890 equus.
1555 2785 1797 2862 Circumstant
1822 2784 1871 2859 li·

1107 2915 1201 2970 terae
1231 2899 1293 2967 DE
1322 2894 1604 2967 FERRARIA.

1160 2993 1347 3070 Decimum
1386 2992 1521 3067 sextum
1560 2986 1753 3090 possidebat
1783 2989 1870 3061 Mu·

1109 3096 1206 3170 tinae
1225 3095 1400 3194 quondam
1424 3093 1582 3191 Angelus
1602 3094 1773 3164 Blancus.
1795 3088 1869 3162 Hic

228 3191 408 3263 Comitatus
434 3187 582 3284 insignes
609 3189 676 3261 ΒΟ(
702 3189 773 3273 est,
811 3195 991 3265 Comitatus
1037 3201 1070 3269 D
1111 3204 1288 3276 Nummus
1315 3225 1333 3271 a
1360 3223 1417 3270 me
1444 3194 1539 3268 nilus
1573 3192 1727 3267 anticam
1764 3189 1871 3261 habet

228 3283 412 3387 R'hodr'gsess
453 3294 497 3361 (J
531 3291 671 3361 Comacli
684 3341 696 3373 ,
742 3321 813 3391 quo
855 3292 991 3368 Borstus

228 3395 312 3467 Dux
355 3391 498 3466 Ellensrs
538 3391 686 3463 donatus
729 3392 842 3466 fuerat
883 3399 992 3467 Anno

175 3560 178 3565 ,
221 3493 363 3580 ⁴Clrrilli
392 3493 652 3567 MCCCCLll.
679 3518 699 3563 a
730 3493 992 3569 Fridericolll.

127 3599 129 3603 ⁴
231 3603 292 3673 Au
320 3593 414 3666 ullo.

283 3620 543 3768 duodecimum
572 3708 775 3792 argenteum
803 3692 878 3767 vidi
910 3696 993 3767 Mu·

185 3835 189 3839 ·
231 3800 328 3874 tinae
364 3795 453 3892 apud
494 3794 652 3868 nobilem
690 3795 806 3868 virum
852 3792 989 3869 Camil-

233 3906 309 3978 lum
346 3901 608 3991 Hieronymum
648 3895 918 3969 Valentinium.
952 3893 993 3968 ln

233 4001 348 4077 antici
385 3998 518 4089 effigies
566 3994 741 4079 Principis
791 4001 822 4068 dc
871 3997 994 4070 literae

233 4102 497 4180 HERCVLES
526 4101 628 4168 DVll
659 4099 934 4172 FERRARIE.
962 4101 994 4169 ls
1040 4098 1066 4166 Ε

233 4205 279 4285 cll
316 4202 463 4274 Hercules
498 4201 526 4271 Ι.
570 4196 732 4286 Essensr's,
782 4198 844 4291 qui
886 4205 1015 4280 Anno,

233 4303 367 4381 Christi
422 4301 737 4374 Mccchxxl.
792 4301 995 4380 Peccatine,

231 4407 419 4496 Mutinae,
457 4401 570 4499 Regio
604 4401 671 4475 &c
712 4399 889 4472 dominari
917 4394 993 4475 coe·

233 4512 311 4610 pit.
353 4508 393 4578 ln
436 4503 565 4604 pollina
591 4500 711 4601 imago
739 4499 856 4574 Sansli
884 4505 994 4576 Geor-

235 4611 288 4712 gii
316 4603 582 4680 Ferrariensrum
610 4603 778 4704 patroni,
814 4628 892 4674 cum
922 4604 995 4700 epi-

233 4708 363 4814 graphe
390 4710 515 4780 DEVS
536 4708 839 4785 FORTthsDO
863 4710 996 4781 MEA.

290 4807 468 4882 Decimus
484 4805 632 4897 tertius,
674 4808 712 4878 in
755 4804 881 4881 Museo
914 4817 998 4885 Ber-

234 4910 419 4993 tacchlnio
446 4905 625 4994 exsrllens.
667 4905 839 5005 Aquilam
868 4912 994 5014 bicipi·

234 5033 310 5109 tem
336 5030 542 5090 coronatam
568 5009 740 5112 praesent,
773 5012 999 5111 gentilitium

1110 3299 1330 3400 praecedenti
1371 3297 1546 3378 similem,
1588 3294 1707 3367 addita
1751 3309 1870 3364 tamen

1110 3403 1239 3474 rotoni
1266 3399 1440 3493 Aquilae.
1482 3400 1521 3469 ln
1559 3395 1686 3488 postica
1714 3391 1870 3491 spedlan·
2020 3472 2021 3476 Ἰ

1111 3521 1168 3574 tur
1194 3496 1345 3596 Infignia
1372 3496 1545 3569 Civitatis
1571 3493 1768 3566 Ferrariae.

1163 3597 1330 3671 Decimus
1358 3592 1523 3689 ffptimus
1551 3611 1761 3693 argenteus,
1802 3594 1872 3666 Re·

1112 3698 1163 3796 gii
1191 3696 1281 3797 apud
1308 3697 1490 3770 Comitem
1521 3695 1712 3770 Nicolaum
1752 3696 1873 3767 Tacu-

1112 3802 1186 3873 lum
1207 3797 1428 3888 adservatur,
1454 3795 1607 3897 effigiem
1630 3794 1798 3891 Episcopi
1812 3792 1872 3882 of·

1113 3899 1180 3975 scrt
1195 3925 1272 3973 cum
1288 3896 1519 3994 inscriptione
1530 3898 1873 3972 SANTVSMAV·

1114 4006 1309 4077 RELlVS.
1338 4003 1378 4073 ln
1399 4000 1527 4098 postica
1547 4000 1670 4074 visatur
1689 4001 1772 4073 flos
1792 4021 1872 4070 cunt

1113 4105 1173 4177 suo
1200 4106 1321 4190 caule,
1348 4099 1496 4176 insertus
1523 4100 1560 4174 in
1589 4102 1760 4177 circulum
1795 4106 1875 4174 An·

1109 4205 1211 4292 nuli,
1252 4204 1471 4276 adamantem
1500 4222 1641 4276 acutum
1678 4203 1874 4300 praeseren·
1982 4252 1988 4265 „

1112 4306 1159 4378 tis
1185 4304 1223 4376 in
1253 4306 1352 4402 pala,
1387 4306 1420 4376 8(
1459 4302 1552 4377 hisce
1579 4303 1694 4376 literis
1721 4301 1873 4375 circum·

1098 4407 1233 4481 datus:
1283 4409 1533 4476 DEXTERA.
1579 4405 1682 4474 DNl.
1718 4405 1874 4476 EXAL·

1113 4509 1289 4582 TAVIT.
1312 4510 1397 4579 ME.
1425 4505 1579 4578 Cuinam
1607 4499 1813 4577 tribuendus
1834 4491 1902 4574 fit'

1115 4613 1312 4687 Nummus,
1340 4604 1469 4681 eruditi
1498 4603 1731 4678 Ferrarienses
1756 4605 1875 4677 decer·

1115 4729 1220 4782 nant.
1234 4709 1396 4780 Adamas
1416 4705 1549 4808 insigne
1569 4702 1640 4781 snit
1659 4704 1825 4782 Herculis
1846 4705 1873 4776 l.

1116 4810 1226 4886 Ducis
1253 4808 1454 4883 Ferrariac.

1167 4911 1355 4985 Decimum
1395 4907 1561 4981 osiacum
1599 4905 1752 5006 possideo
1777 4934 1877 4998 ego,

1114 5013 1263 5120 poffidet
1313 5009 1353 5088 &
1402 5007 1615 5088 Domiuicus
1665 5010 1874 5188 Vapdellius

1743 5139 1827 5216 aepe
