4214 6014
233 381 322 488 '37⁷
514 357 883 456 orrrrrrnrro
922 309 1475 449 iterumiterum:
1668 373 1754 486 37⁸

311 584 795 667 RAVENNA.

120 871 123 876 ,
276 796 310 867 D
336 800 532 869 Ravennam
560 814 618 863 me
644 785 808 862 confero.
846 787 934 860 lllu·

298 895 374 971 stris
404 894 490 968 haec
516 891 660 966 Civitas
688 893 797 962 Anno
823 887 933 964 Chri·

168 995 209 1068 sti
238 1000 423 1072 CCCCll.
453 993 553 1067 Sedes
582 991 729 1089 imperii
758 992 933 1063 Occiden-

105 1189 108 1194 .
161 1096 254 1180 ,talis
294 1097 481 1172 constituta
523 1096 567 1168 ab
603 1091 770 1167 Honorio
811 1096 935 1191 Augu-

169 1199 241 1279 sto,
268 1225 312 1274 ex
345 1226 388 1273 eo
420 1196 542 1270 saltem
576 1213 737 1291 tempore
766 1197 933 1267 Moneta-

22 1366 24 1371 .
172 1298 246 1376 riae
271 1298 436 1374 officinae
461 1297 585 1371 decore
611 1293 682 1369 frui
705 1293 850 1393 eoepit.
880 1295 934 1364 A·

70 1449 73 1456 ·
171 1400 241 1505 pud
263 1400 517 1500 Du·Cangium
539 1394 661 1471 vifitur
679 1394 832 1496 ejusdem
853 1394 933 1466 Ho·
977 1393 1004 1463 B

169 1501 264 1579 norii
281 1505 467 1578 Nummus
492 1525 572 1574 curn
598 1497 712 1572 literis
738 1500 818 1570 RV.
841 1496 879 1567 Ρ.
899 1499 931 1566 S.

75 1692 80 1702 ,
168 1630 252 1702 quas
278 1602 379 1704 figlas
404 1602 536 1679 eruditi
564 1601 842 1700 interpretantur
861 1599 930 1668 Re·

154 1712 303 1780 ·Veuuae
331 1706 469 1780 Pecunia
505 1704 665 1796 Signata.
700 1703 807 1772 Alter
841 1723 930 1795 quo-

85 1894 88 1899 ,
167 1835 236 1906 que
265 1832 285 1879 a
310 1807 469 1895 Iohanne
496 1805 668 1895 Tyranno
704 1799 777 1898 post
805 1802 931 1872 Hono·

167 1911 215 1983 rii
252 1924 403 1981 mortem
440 1903 612 2002 perculsus
638 1901 773 1976 easdem
809 1898 932 1973 literas

169 2008 339 2112 praefert.
369 2012 495 2107 Neque
517 2008 590 2080 ulla
614 2002 706 2078 mibi
729 2001 931 2081 dubitatio,

15 2140 20 2150 ·
168 2113 257 2210 quin
285 2107 325 2185 δι
361 2109 423 2184 sub
448 2108 609 2182 Odoacre
635 2103 930 2204 Turcilingorum

975 483 1011 555 Α
1055 475 1189 547 lm...
1224 477 1371 553 1........
1399 480 1438 552 Ρ.
1467 481 1507 553 1².
1535 485 1582 556 V.
1617 485 1817 586 Alterump

1054 576 1150 672 quod
1177 591 1253 650 turn
1281 576 1384 679 ipfius
1409 583 1617 666 Theoderici,
1647 604 1723 662 turn
1749 598 1818 663 Cu·

1054 676 1155 748 ruiiui
1181 678 1326 755 nomina
1351 681 1466 757 literis
1492 685 1648 764 constant
1673 689 1713 764 in
1739 714 1818 769 aere
1946 771 1960 784 ,

1057 779 1215 862 cavatis,
1251 801 1355 879 atque
1392 805 1537 886 argento
1561 792 1735 888 oppletis.
1771 794 1816 870 ln

1058 881 1202 955 nomine
1227 883 1441 961 Theoderici
1465 877 1671 967 adhuc‘fere
1694 921 1816 970 omnes

1059 982 1182 1056 literae
1210 983 1418 1089 supersuut3
1450 1017 1469 1063 e
1496 995 1646 1065 Catuliui
1671 999 1817 1073 nomine

1058 1103 1195 1181 praeter
1228 1088 1312 1162 duas
1347 1112 1407 1164 aut
1445 1110 1545 1184 tres,
1581 1119 1669 1192 quae
1704 1125 1818 1173 rema-

1058 1202 1164 1267 nent,
1200 1190 1355 1288 reliquae
1381 1193 1611 1285 exciderunt,
1641 1196 1819 1297 superstite

1059 1310 1176 1358 earum
1212 1290 1357 1392 relligio
1392 1293 1430 1368 in
1465 1322 1564 1372 aere.
1600 1301 1655 1371 Ex
1690 1301 1818 1377 illustri

1058 1411 1098 1458 ac
1135 1388 1352 1467 nobiliffima
1387 1397 1540 1473 familia
1567 1401 1756 1476 Catulinus
1785 1403 1820 1477 i-

1057 1485 1102 1559 lle
1137 1488 1232 1573 fuit,
1268 1515 1392 1595 utpote
1427 1525 1515 1597 quae
1542 1504 1652 1576 Anno
1681 1499 1818 1579 Christi

1056 1591 1292 1669 ccchrx.
1317 1596 1506 1673 Consulem
1535 1603 1634 1679 dedit
1656 1607 1819 1679 Atinium

1056 1693 1289 1784 Caruilium,-
1325 1704 1559 1797 nequeenim
1587 1706 1722 1780 diversa
1749 1709 1819 1782 mi-

1056 1790 1093 1864 lri
1121 1796 1267 1869 nomina
1294 1795 1375 1875 sunt
1399 1806 1613 1892 Catullinus,
1649 1804 1689 1881 δι
1715 1815 1819 1880 Catu·

1042 1895 1162 1965 linus.
1198 1900 1305 1971 Tulit
1332 1902 1441 1978 etiam
1474 1907 1671 1983 Praefebios
1699 1909 1817 1993 Urbi,

1060 1994 1314 2087 Proconlirles,
1351 2001 1509 2102 aliosque
1544 2010 1625 2083 aliis
1662 2011 1819 2084 muneri-

1056 2097 1121 2167 bus
1148 2098 1327 2196 primariis
1353 2103 1514 2189 fundios,
1542 2136 1690 2207 quorum
1719 2137 1820 2184 men-

118 2206 121 2213 *
170 2218 286 2315 Rege,
314 2227 391 2287 tum
418 2209 479 2286 sub
507 2198 752 2299 Theoderico,
779 2207 932 2279 Athala-
1060 2197 1111 2268 tio
1146 2197 1206 2270 est‘
1227 2200 1266 2272 in
1294 2203 1431 2279 Codice
1456 2207 1728 2303 Theodosium,
1765 2231 1819 2287 at-

71 2398 76 2406 ,
168 2316 268 2407 rico,
304 2312 562 2402 Theodahato,
595 2309 756 2411 Witige,
790 2308 826 2379 δι
866 2308 931 2378 Ba·
980 2301 1008 2370 C
1056 2324 1124 2394 que
1159 2298 1198 2373 in
1233 2301 1315 2376 aliis
1352 2326 1511 2382 veterum
1546 2317 1818 2390 monumentis.

169 2418 266 2494 duila
304 2415 505 2492 Gothorum
547 2413 702 2512 Regibus
742 2410 785 2484 ab
824 2411 932 2482 Anno

169 2518 300 2593 Christi
337 2520 642 2595 ccccuxxvl.
680 2513 789 2588 ferme
825 2510 932 2610 usque

167 2622 209 2694 ad
250 2625 362 2696 uxr..
400 2622 520 2695 eadem
560 2616 834 2720 praerogativa,
877 2614 930 2687 uti

169 2726 330 2815 Romae,
365 2722 480 2796 ita&
512 2726 699 2795 Ravennae
735 2715 929 2818 persevera·

167 2823 241 2905 rit.
276 2821 447 2896 Odoacris
473 2824 591 2894 nullos
621 2826 796 2893 Nummos
824 2817 925 2891 vidi:

163 2938 278 3020 unum
315 2921 564 3008 tantummodo
601 2916 815 2993 Theoderici
858 2921 928 2990 Ro·

169 3051 247 3098 mae
273 3023 392 3104 cusum
420 3022 481 3098 sub
507 3021 622 3113 oculis
649 3020 781 3094 habui.
814 3015 929 3090 Raris-

132 3204 135 3208 ,
167 3125 290 3199 simum
328 3147 445 3201 tamen
483 3122 664 3199 frustulum
701 3118 929 3218 antiquitatis

1056 2400 1281 2498 Apollinaris
1310 2407 1475 2485 Sidonius
1503 2412 1586 2489 Lib.
1614 2418 1643 2488 1.
1673 2413 1818 2513 Epistol.

1059 2505 1119 2613 lll.
1139 2502 1261 2615 audior
1279 2505 1345 2591 est,
1365 2512 1553 2609 temporibus
1571 2516 1717 2613 Augusti
1735 2522 1819 2590 Mea

1051 2608 1184 2695 sorani,
1219 2608 1356 2684 icilicet
1391 2616 1484 2688 circa
1510 2621 1657 2692 Annum
1686 2610 1818 2694 Christi

1057 2709 1271 2782 etchX.
1303 2715 1498 2809 satyricam
1525 2717 1699 2794 Chartam
1726 2724 1819 2796 Are·

1055 2810 1127 2880 late
1162 2810 1419 2889 diiieminatam
1456 2817 1575 2894 suine.
1604 2822 1739 2895 «decidis
1763 2850 1819 2912 qa-

1050 2916 1113 2998 ]u,
1139 2930 1176 2978 ut
1201 2915 1388 2987 Catullinus
1414 2921 1552 3008 lliulieis
1576 2944 1651 2997 tuuc
1675 2930 1718 2999 ab
1741 2935 1817 3001 «Ar-

1056 3008 1165 3123 vernis
1190 3012 1248 3081 ilio
1272 3017 1397 3090 reniret
1429 3022 1499 3096 &a
1526 3024 1584 3100 Est
1609 3026 1816 3127 &ejusdem

1056 3110 1193 3184 Sidonii
1222 3110 1377 3192 Carmen
1406 3124 1665 3202 Duodecimum
1689 3133 1736 3202 ad
1762 3134 1820 3204 Vi·

166 3221 212 3302 ad
236 3229 410 3324 inclytum
439 3227 543 3303 illurn
581 3231 712 3325 Regem
750 3222 928 3321 pertinens
979 3226 1010 3293 D
1056 3238 1123 3283 rum
1149 3215 1363 3309 Clariffimum
1387 3229 1616 3305 Catullinum.
1655 3231 1722 3305 Uri
1751 3258 1817 3306 no.

167 3355 330 3415 exeram,
357 3330 451 3427 quod
479 3326 675 3401 Mutinenli
702 3352 745 3398 ex
770 3325 872 3419 Urbe,
889 3325 928 3395 io

167 3429 264 3505 suum
303 3430 467 3506 Multum
505 3429 632 3502 intulit
667 3429 724 3499 Cl.
753 3429 797 3497 V.
828 3430 928 3522 Apo·

166 3531 272 3605 stolus
299 3536 434 3611 Zenus,
461 3529 690 3624 antiquorum
720 3550 928 3598 monumen-

166 3651 286 3706 torum
329 3648 477 3701 venator
518 3625 732 3703 indeiellus3
766 3624 845 3695 'hoc
884 3623 931 3695 eil

168 3738 368 3811 Nummum
395 3753 533 3803 aereum
563 3727 646 3825 (ita
674 3724 843 3813 tantisper
869 3750 928 3822 ap·
978 3817 981 3822 ,

166 3836 297 3935 pellere
316 3831 448 3929 liceat)
468 3828 755 3929 quadrangularis
775 3825 929 3908 formae,

168 3963 240 4010 non
264 3932 411 4007 minoris
439 3929 694 4018 craffitudinis,
719 3931 825 4028 quim
853 3931 930 4002 Nu·

168 4036 331 4113 mismata
349 4035 492 4133 majoris
511 4032 667 4107 moduli.
692 4038 729 4104 ln
749 4035 857 4104 altera
877 4028 930 4103 fa-

1057 3334 1131 3387 tum
1173 3315 1253 3398 est,
1293 3321 1436 3398 circiter
1476 3330 1624 3404 Annum
1664 3335 1816 3409 CCCC-

1056 3419 1241 3488 Lxxitlt.
1270 3424 1494 3520 Apollinaris
1529 3428 1694 3504 Sidonius
1720 3433 1817 3507 diem

1056 3515 1163 3630 'suum'
1181 3517 1306 3593 obiitie
1333 3527 1510 3600 creditur.
1538 3533 1669 3604 Habes
1695 3551 1814 3607 autern

1056 3641 1093 3735 tn
1123 3620 1308 3709 Nummo,
1339 3623 1481 3700 circiter
1505 3632 1651 3706 Annum
1680 3631 1817 3712 Christi

1056 3718 1325 3835 eccoxclv.
1353 3730 1533 3822 perculso,
1557 3738 1749 3808 catulinum
1777 3743 1816 3814 V.

1055 3825 1093 3888 C.
1120 3844 1183 3914 qur
1206 3821 1244 3890 &
1273 3824 1310 3894 in
1346 3828 1461 3903 literis
1486 3833 1593 3907 exefis
1619 3840 1816 3936 appellatur

1044 3919 1198 3992 ‘videtur
1247 3924 1510 4007 lNLVS'TRIS
1556 3937 1593 4009 δι
1644 3942 1818 4016 PRAEFa

1056 4024 1165 4094 VRB.
1188 4027 1272 4101 Erat
1291 4030 1387 4101 enirn
1407 4034 1545 4120 illustris
1562 4036 1690 4114 titulus
1716 4068 1816 4142 prae-

168 4139 220 4214 cie
240 4141 406 4238 leguntur
421 4139 543 4207 literae
563 4133 753 4208 istaeDN.
771 4135 928 4205 THEO-
976 4132 1005 4202 E
1054 4125 1163 4223 cipue
1183 4127 1338 4203 tributus
1368 4134 1554 4213 Praeirffis
1582 4144 1698 4217 Urbi,
1735 4144 1815 4219 Njfi

169 4243 360 4316 DERlCI.
397 4237 439 4311 lo
475 4236 584 4309 alteri
618 4261 686 4308 una
714 4236 851 4307 tantum
882 4235 928 4306 li-

24 4398 27 4403 >
167 4363 240 4418 tera
277 4340 422 4429 vilitur,
455 4336 513 4411 sed
551 4335 676 4419 exesa,
712 4333 865 4408 sormam
891 4337 928 4408 T

167 4443 348 4533 referens,
382 4467 473 4536 quae
508 4436 657 4513 iortallis
690 4435 738 4511 est
775 4435 927 4509 initialis

167 4544 326 4619 nominis
349 4542 589 4633 ¹Theoderici,
618 4544 652 4614 δι
680 4537 826 4614 Coroni
851 4539 926 4611 lau·

169 4648 253 4733 rei,
288 4645 345 4719 seu
373 4647 518 4742 quereri
552 4640 814 4718 circumdatur.
854 4642 928 4714 Du·

85 4763 89 4771 '
168 4751 251 4850 plex
282 4747 358 4818 heic
385 4770 500 4817 rarum
526 4747 699 4819 occurrit.
737 4746 928 4833 Alterum,

168 4851 264 4949 quod
291 4846 330 4920 in
354 4842 522 4919 exteriori
548 4845 662 4919 limbo
687 4847 837 4921 Nummi
864 4845 929 4943 (ι.

168 4954 278 5026 talice
315 4949 367 5020 uei
401 4952 566 5041 conseruo)
602 4945 726 5019 literae
761 4947 841 5021 istae
878 4949 931 5019 le-

168 5073 325 5153 guntur:
362 5044 662 5126 CATVLINVS
698 5052 746 5125 V.
778 5046 825 5127 C.
861 5046 930 5144 ET

1039 4225 1145 4306 widern
1182 4226 1250 4299 sint
1285 4229 1478 4311 Catulinus
1513 4266 1532 4312 a
1566 4242 1713 4318 Sidonio
1738 4273 1815 4318 rno-

1053 4350 1208 4404 moratus
1220 4383 1231 4418 ,
1258 4333 1292 4401 8<
1321 4334 1423 4433 hujus
1447 4366 1564 4414 aereae
1582 4346 1733 4416 tabellae
1751 4373 1814 4418 au-

1052 4428 1150 4511 etot,
1179 4431 1252 4503 veri
1280 4451 1398 4509 tamen
1426 4436 1537 4514 simile
1554 4443 1621 4525 est,
1649 4446 1741 4519 hunc
1766 4446 1813 4520 fi-

1051 4530 1141 4602 lium
1170 4529 1270 4608 illius
1296 4534 1422 4614 fuine.
1457 4540 1627 4618 Ceterum
1655 4573 1726 4620 non
1754 4528 1814 4621 in·¹

1051 4648 1105 4705 ter
1127 4634 1302 4710 Nummos
1319 4647 1557 4740 reponendum
1577 4647 1623 4723 eli
1645 4646 1714 4724 hoe
1734 4654 1840 4724 moi·

1051 4757 1282 4824 numentum,
1311 4740 1365 4817 sed
1396 4744 1539 4838 quidem
1569 4749 1665 4826 inter
1689 4751 1813 4827 Tene*

1050 4865 1130 4929 ras,
1164 4835 1234 4915 sive
1264 4843 1420 4919 Donaria
1456 4850 1619 4943 publica,
1655 4852 1813 4950 quaein

1049 4943 1218 5016 honorem
1264 4943 1506 5049 Principum,
1542 4953 1645 5027 venii
1677 4954 1723 5028 ab
1743 4955 1811 5037 ‘eie

1050 5043 1160 5167 latii,
1188 5071 1206 5116 a
1234 5044 1382 5144 privatis
1409 5051 1641 5152 parabantur,
1668 5085 1809 5135 eorum·

1122 5152 1152 5237 L
1206 5171 1227 5224 2
1381 5247 1383 5252 1
1687 5188 1756 5263 que
