<?xml version="1.0" encoding="UTF-8"?>
<!DOCTYPE html PUBLIC "-//W3C//DTD XHTML 1.0 Transitional//EN"
    "http://www.w3.org/TR/xhtml1/DTD/xhtml1-transitional.dtd">
<html xmlns="http://www.w3.org/1999/xhtml" xml:lang="en" lang="en">
 <head>
  <title>
</title>
<meta http-equiv="Content-Type" content="text/html;charset=utf-8" />
  <meta name='ocr-system' content='tesseract 3.04.00' />
  <meta name='ocr-capabilities' content='ocr_page ocr_carea ocr_par ocr_line ocrx_word'/>
</head>
<body>
  <div class='ocr_page' id='page_1' title='image "./antiquitatesita00muragoog_0282.png"; bbox 0 0 4214 6014; ppageno 0'>
   <div class='ocr_carea' id='block_1_1' title="bbox 279 337 1788 468">
    <p class='ocr_par' dir='ltr' id='par_1_1' title="bbox 279 337 1788 468">
     <span class='ocr_line' id='line_1_1' title="bbox 279 337 1788 468; baseline -0.021 0"><span class='ocrx_word' id='word_1_1' title='bbox 279 384 363 468; x_wconf 77' lang='lat' dir='ltr'>nr</span> <span class='ocrx_word' id='word_1_2' title='bbox 544 344 913 436; x_wconf 74' lang='lat' dir='ltr'>nassanrarro</span> <span class='ocrx_word' id='word_1_3' title='bbox 959 337 1515 440; x_wconf 76' lang='lat' dir='ltr'>Vroasrnasurnnta:</span> <span class='ocrx_word' id='word_1_4' title='bbox 1705 356 1788 463; x_wconf 76' lang='lat' dir='ltr'>„a</span> 
     </span>
    </p>
   </div>
   <div class='ocr_carea' id='block_1_2' title="bbox 219 456 1852 952">
    <p class='ocr_par' dir='ltr' id='par_1_2' title="bbox 219 456 1852 952">
     <span class='ocr_line' id='line_1_2' title="bbox 220 456 1850 564; baseline -0.001 -22"><span class='ocrx_word' id='word_1_5' title='bbox 220 468 260 543; x_wconf 72' lang='lat' dir='ltr'>dc</span> <span class='ocrx_word' id='word_1_6' title='bbox 287 464 428 541; x_wconf 65' lang='lat' dir='ltr'>dexteri</span> <span class='ocrx_word' id='word_1_7' title='bbox 464 462 620 562; x_wconf 84' lang='lat' dir='ltr'>Infigne,</span> <span class='ocrx_word' id='word_1_8' title='bbox 662 465 699 537; x_wconf 92' lang='lat' dir='ltr'>in</span> <span class='ocrx_word' id='word_1_9' title='bbox 742 492 813 562; x_wconf 90' lang='lat' dir='ltr'>quo</span> <span class='ocrx_word' id='word_1_10' title='bbox 853 461 982 538; x_wconf 86' lang='lat' dir='ltr'>Crux.</span> <span class='ocrx_word' id='word_1_11' title='bbox 1015 467 1052 538; x_wconf 83' lang='lat' dir='ltr'>A</span> <span class='ocrx_word' id='word_1_12' title='bbox 1087 459 1125 534; x_wconf 83' lang='lat' dir='ltr'>tl</span> <span class='ocrx_word' id='word_1_13' title='bbox 1150 457 1258 534; x_wconf 89' lang='lat' dir='ltr'>etiam</span> <span class='ocrx_word' id='word_1_14' title='bbox 1279 456 1521 557; x_wconf 84' lang='lat' dir='ltr'>explicatione</span> <span class='ocrx_word' id='word_1_15' title='bbox 1544 460 1703 539; x_wconf 87' lang='lat' dir='ltr'>Tabulae</span> <span class='ocrx_word' id='word_1_16' title='bbox 1721 467 1850 564; x_wconf 86' lang='lat' dir='ltr'>ipfius,</span> 
     </span>
     <span class='ocr_line' id='line_1_3' title="bbox 220 559 1850 662; baseline -0.001 -20"><span class='ocrx_word' id='word_1_17' title='bbox 220 566 510 642; x_wconf 77' lang='lat' dir='ltr'>circumducitur</span> <span class='ocrx_word' id='word_1_18' title='bbox 531 564 718 660; x_wconf 83' lang='lat' dir='ltr'>Inscriptio</span> <span class='ocrx_word' id='word_1_19' title='bbox 739 565 844 637; x_wconf 87' lang='lat' dir='ltr'>haec:</span> <span class='ocrx_word' id='word_1_20' title='bbox 866 570 984 638; x_wconf 88' lang='lat' dir='ltr'>SAN-</span> <span class='ocrx_word' id='word_1_21' title='bbox 1089 563 1204 662; x_wconf 87' lang='lat' dir='ltr'>qualis</span> <span class='ocrx_word' id='word_1_22' title='bbox 1232 588 1275 634; x_wconf 86' lang='lat' dir='ltr'>ex</span> <span class='ocrx_word' id='word_1_23' title='bbox 1302 559 1556 662; x_wconf 85' lang='lat' dir='ltr'>Typographia</span> <span class='ocrx_word' id='word_1_24' title='bbox 1586 567 1745 640; x_wconf 89' lang='lat' dir='ltr'>Romana</span> <span class='ocrx_word' id='word_1_25' title='bbox 1772 572 1850 641; x_wconf 89' lang='lat' dir='ltr'>An-</span> 
     </span>
     <span class='ocr_line' id='line_1_4' title="bbox 219 662 1852 764; baseline -0.002 -21"><span class='ocrx_word' id='word_1_26' title='bbox 219 672 360 743; x_wconf 83' lang='lat' dir='ltr'><strong>CTVS.</strong></span> <span class='ocrx_word' id='word_1_27' title='bbox 383 669 654 741; x_wconf 83' lang='lat' dir='ltr'><strong>IOHANNES.</strong></span> <span class='ocrx_word' id='word_1_28' title='bbox 680 668 982 742; x_wconf 84' lang='lat' dir='ltr'>BAPTHISTA.</span> <span class='ocrx_word' id='word_1_29' title='bbox 1089 662 1183 738; x_wconf 91' lang='lat' dir='ltr'>tonii</span> <span class='ocrx_word' id='word_1_30' title='bbox 1210 662 1252 735; x_wconf 93' lang='lat' dir='ltr'>de</span> <span class='ocrx_word' id='word_1_31' title='bbox 1281 664 1411 737; x_wconf 88' lang='lat' dir='ltr'>Rubeis</span> <span class='ocrx_word' id='word_1_32' title='bbox 1448 663 1584 764; x_wconf 87' lang='lat' dir='ltr'>prodiit</span> <span class='ocrx_word' id='word_1_33' title='bbox 1620 665 1732 741; x_wconf 83' lang='lat' dir='ltr'>Anno</span> <span class='ocrx_word' id='word_1_34' title='bbox 1765 668 1852 741; x_wconf 81' lang='lat' dir='ltr'>ctu.</span> 
     </span>
     <span class='ocr_line' id='line_1_5' title="bbox 221 764 1727 843; baseline -0.005 -1"><span class='ocrx_word' id='word_1_35' title='bbox 221 772 294 842; x_wconf 89' lang='lat' dir='ltr'>PR.</span> <span class='ocrx_word' id='word_1_36' title='bbox 314 768 398 843; x_wconf 88' lang='lat' dir='ltr'>idest</span> <span class='ocrx_word' id='word_1_37' title='bbox 426 767 603 841; x_wconf 69' lang='lat' dir='ltr'>aroana.</span> <span class='ocrx_word' id='word_1_38' title='bbox 632 766 672 841; x_wconf 91' lang='lat' dir='ltr'>In</span> <span class='ocrx_word' id='word_1_39' title='bbox 700 766 816 841; x_wconf 87' lang='lat' dir='ltr'>aversa</span> <span class='ocrx_word' id='word_1_40' title='bbox 842 769 983 842; x_wconf 88' lang='lat' dir='ltr'>Lilium</span> <span class='ocrx_word' id='word_1_41' title='bbox 1087 764 1409 840; x_wconf 80' lang='lat' dir='ltr'>MDCCXXXVI.</span> <span class='ocrx_word' id='word_1_42' title='bbox 1725 799 1727 805; x_wconf 29' lang='lat' dir='ltr'>r</span> 
     </span>
     <span class='ocr_line' id='line_1_6' title="bbox 221 866 981 952; baseline 0 -10"><span class='ocrx_word' id='word_1_43' title='bbox 221 866 371 952; x_wconf 85' lang='lat' dir='ltr'>florens,</span> <span class='ocrx_word' id='word_1_44' title='bbox 397 872 432 942; x_wconf 76' lang='grc' dir='ltr'>ἃ</span> <span class='ocrx_word' id='word_1_45' title='bbox 460 869 497 942; x_wconf 87' lang='lat' dir='ltr'>in</span> <span class='ocrx_word' id='word_1_46' title='bbox 519 867 670 943; x_wconf 85' lang='lat' dir='ltr'>circuitu</span> <span class='ocrx_word' id='word_1_47' title='bbox 691 868 750 942; x_wconf 90' lang='lat' dir='ltr'>hic</span> <span class='ocrx_word' id='word_1_48' title='bbox 776 867 981 944; x_wconf 86' lang='lat' dir='ltr'>versiculus:</span> 
     </span>
    </p>
   </div>
   <div class='ocr_carea' id='block_1_3' title="bbox 272 972 1781 1149">
    <p class='ocr_par' dir='ltr' id='par_1_3' title="bbox 272 972 1781 1149">
     <span class='ocr_line' id='line_1_7' title="bbox 1193 972 1781 1048; baseline 0.012 -8"><span class='ocrx_word' id='word_1_49' title='bbox 1193 972 1781 1048; x_wconf 80' lang='lat' dir='ltr'>FORUM·L1VII.&#39;</span> 
     </span>
     <span class='ocr_line' id='line_1_8' title="bbox 272 1074 985 1149; baseline -0.001 -4"><span class='ocrx_word' id='word_1_50' title='bbox 272 1075 388 1145; x_wconf 87' lang='lat' dir='ltr'><strong>DET.</strong></span> <span class='ocrx_word' id='word_1_51' title='bbox 435 1074 549 1144; x_wconf 84' lang='lat' dir='ltr'>TlBl.</span> <span class='ocrx_word' id='word_1_52' title='bbox 598 1075 838 1149; x_wconf 83' lang='lat' dir='ltr'><strong>FLORERE.</strong></span> <span class='ocrx_word' id='word_1_53' title='bbox 889 1077 985 1146; x_wconf 70' lang='lat' dir='ltr'>xes.</span> 
     </span>
    </p>
   </div>
   <div class='ocr_carea' id='block_1_4' title="bbox 224 1171 1857 1567">
    <p class='ocr_par' dir='ltr' id='par_1_4' title="bbox 325 1171 1854 1271">
     <span class='ocr_line' id='line_1_9' title="bbox 325 1171 1854 1271; baseline 0.005 -27"><span class='ocrx_word' id='word_1_54' title='bbox 325 1174 498 1271; x_wconf 78' lang='lat' dir='ltr'>(Christus)</span> <span class='ocrx_word' id='word_1_55' title='bbox 517 1176 825 1247; x_wconf 85' lang='lat' dir='ltr'><strong>FLORENTIA.</strong></span> <span class='ocrx_word' id='word_1_56' title='bbox 842 1178 984 1250; x_wconf 83' lang='lat' dir='ltr'><strong>VERE.</strong></span> <span class='ocrx_word' id='word_1_57' title='bbox 1197 1171 1247 1246; x_wconf 90' lang='lat' dir='ltr'>Ti</span> <span class='ocrx_word' id='word_1_58' title='bbox 1274 1198 1331 1245; x_wconf 92' lang='lat' dir='ltr'>me</span> <span class='ocrx_word' id='word_1_59' title='bbox 1357 1201 1417 1269; x_wconf 90' lang='lat' dir='ltr'>per</span> <span class='ocrx_word' id='word_1_60' title='bbox 1443 1173 1564 1248; x_wconf 83' lang='lat' dir='ltr'>literas</span> <span class='ocrx_word' id='word_1_61' title='bbox 1600 1175 1741 1251; x_wconf 89' lang='lat' dir='ltr'>monuit</span> <span class='ocrx_word' id='word_1_62' title='bbox 1777 1175 1854 1250; x_wconf 90' lang='lat' dir='ltr'>Co·</span> 
     </span>
    </p>

    <p class='ocr_par' dir='ltr' id='par_1_5' title="bbox 1223 1274 1855 1351">
     <span class='ocr_line' id='line_1_10' title="bbox 1223 1274 1855 1351; baseline 0.008 -5"><span class='ocrx_word' id='word_1_63' title='bbox 1223 1300 1296 1347; x_wconf 89' lang='lat' dir='ltr'>mes</span> <span class='ocrx_word' id='word_1_64' title='bbox 1324 1274 1505 1347; x_wconf 78' lang='lat' dir='ltr'>fabricius</span> <span class='ocrx_word' id='word_1_65' title='bbox 1532 1278 1715 1351; x_wconf 88' lang='lat' dir='ltr'>Antonius</span> <span class='ocrx_word' id='word_1_66' title='bbox 1744 1282 1855 1351; x_wconf 88' lang='lat' dir='ltr'>Mon·</span> 
     </span>
    </p>

    <p class='ocr_par' dir='ltr' id='par_1_6' title="bbox 224 1373 1857 1567">
     <span class='ocr_line' id='line_1_11' title="bbox 275 1373 1857 1474; baseline 0.001 -25"><span class='ocrx_word' id='word_1_67' title='bbox 275 1380 419 1449; x_wconf 86' lang='lat' dir='ltr'>Sextum</span> <span class='ocrx_word' id='word_1_68' title='bbox 449 1401 589 1448; x_wconf 91' lang='lat' dir='ltr'>aureum</span> <span class='ocrx_word' id='word_1_69' title='bbox 627 1373 785 1448; x_wconf 84' lang='lat' dir='ltr'>adservat</span> <span class='ocrx_word' id='word_1_70' title='bbox 821 1377 984 1452; x_wconf 89' lang='lat' dir='ltr'>Museutn</span> <span class='ocrx_word' id='word_1_71' title='bbox 1019 1375 1048 1444; x_wconf 92' lang='lat' dir='ltr'>B</span> <span class='ocrx_word' id='word_1_72' title='bbox 1093 1375 1274 1474; x_wconf 80' lang='lat' dir='ltr'>signanus,</span> <span class='ocrx_word' id='word_1_73' title='bbox 1302 1374 1476 1448; x_wconf 84' lang='lat' dir='ltr'>Patricius</span> <span class='ocrx_word' id='word_1_74' title='bbox 1503 1377 1773 1459; x_wconf 81' lang='lat' dir='ltr'>Foroliviensrs,</span> <span class='ocrx_word' id='word_1_75' title='bbox 1799 1378 1857 1451; x_wconf 89' lang='lat' dir='ltr'>in·</span> 
     </span>
     <span class='ocr_line' id='line_1_12' title="bbox 224 1476 1855 1567; baseline 0.001 -16"><span class='ocrx_word' id='word_1_76' title='bbox 224 1476 530 1551; x_wconf 89' lang='lat' dir='ltr'>Bertacchinium.</span> <span class='ocrx_word' id='word_1_77' title='bbox 561 1480 645 1548; x_wconf 88' lang='lat' dir='ltr'>Prae</span> <span class='ocrx_word' id='word_1_78' title='bbox 664 1476 745 1549; x_wconf 86' lang='lat' dir='ltr'>aliis</span> <span class='ocrx_word' id='word_1_79' title='bbox 769 1482 936 1553; x_wconf 82' lang='lat' dir='ltr'>Nummis</span> <span class='ocrx_word' id='word_1_80' title='bbox 956 1482 986 1554; x_wconf 83' lang='lat' dir='ltr'>is</span> <span class='ocrx_word' id='word_1_81' title='bbox 1093 1495 1148 1548; x_wconf 87' lang='lat' dir='ltr'>ter</span> <span class='ocrx_word' id='word_1_82' title='bbox 1174 1476 1341 1549; x_wconf 86' lang='lat' dir='ltr'>Eruditos</span> <span class='ocrx_word' id='word_1_83' title='bbox 1368 1503 1411 1549; x_wconf 90' lang='lat' dir='ltr'>ex</span> <span class='ocrx_word' id='word_1_84' title='bbox 1438 1477 1561 1552; x_wconf 89' lang='lat' dir='ltr'>Libris</span> <span class='ocrx_word' id='word_1_85' title='bbox 1587 1477 1694 1552; x_wconf 89' lang='lat' dir='ltr'>editis</span> <span class='ocrx_word' id='word_1_86' title='bbox 1722 1500 1855 1567; x_wconf 87' lang='lat' dir='ltr'>notus,</span> 
     </span>
    </p>
   </div>
   <div class='ocr_carea' id='block_1_5' title="bbox 179 1575 986 2281">
    <p class='ocr_par' dir='ltr' id='par_1_7' title="bbox 179 1575 986 2281">
     <span class='ocr_line' id='line_1_13' title="bbox 179 1575 986 1678; baseline 0.009 -31"><span class='ocrx_word' id='word_1_87' title='bbox 179 1638 184 1647; x_wconf 87' lang='lat'><em>.</em></span> <span class='ocrx_word' id='word_1_88' title='bbox 223 1576 269 1650; x_wconf 88' lang='lat' dir='ltr'>est</span> <span class='ocrx_word' id='word_1_89' title='bbox 295 1577 484 1673; x_wconf 83' lang='lat' dir='ltr'>antiquus.</span> <span class='ocrx_word' id='word_1_90' title='bbox 523 1575 714 1674; x_wconf 83' lang='lat' dir='ltr'>Baptissam</span> <span class='ocrx_word' id='word_1_91' title='bbox 751 1582 899 1678; x_wconf 64' lang='lat' dir='ltr'>pellices</span> <span class='ocrx_word' id='word_1_92' title='bbox 927 1609 986 1654; x_wconf 83' lang='lat' dir='ltr'>ue·</span> 
     </span>
     <span class='ocr_line' id='line_1_14' title="bbox 223 1677 986 1761; baseline 0.007 -10"><span class='ocrx_word' id='word_1_93' title='bbox 223 1677 270 1751; x_wconf 89' lang='lat' dir='ltr'>ste</span> <span class='ocrx_word' id='word_1_94' title='bbox 305 1677 506 1750; x_wconf 68' lang='lat' dir='ltr'>conteslum</span> <span class='ocrx_word' id='word_1_95' title='bbox 544 1680 711 1761; x_wconf 87' lang='lat' dir='ltr'>exhibet,</span> <span class='ocrx_word' id='word_1_96' title='bbox 753 1707 833 1753; x_wconf 86' lang='lat' dir='ltr'>cum</span> <span class='ocrx_word' id='word_1_97' title='bbox 870 1682 986 1756; x_wconf 82' lang='lat' dir='ltr'>literis</span> 
     </span>
     <span class='ocr_line' id='line_1_15' title="bbox 224 1778 985 1879; baseline 0.005 -27"><span class='ocrx_word' id='word_1_98' title='bbox 224 1778 263 1852; x_wconf 85' lang='lat' dir='ltr'>in</span> <span class='ocrx_word' id='word_1_99' title='bbox 291 1779 424 1850; x_wconf 84' lang='lat' dir='ltr'>limbo:</span> <span class='ocrx_word' id='word_1_100' title='bbox 454 1782 487 1851; x_wconf 90' lang='lat' dir='ltr'>S.</span> <span class='ocrx_word' id='word_1_101' title='bbox 510 1783 771 1855; x_wconf 82' lang='lat' dir='ltr'>IOHANNES</span> <span class='ocrx_word' id='word_1_102' title='bbox 799 1785 838 1855; x_wconf 89' lang='lat' dir='ltr'>B.</span> <span class='ocrx_word' id='word_1_103' title='bbox 860 1787 900 1854; x_wconf 91' lang='lat' dir='ltr'>ln</span> <span class='ocrx_word' id='word_1_104' title='bbox 924 1812 985 1879; x_wconf 92' lang='lat' dir='ltr'>po·</span> 
     </span>
     <span class='ocr_line' id='line_1_16' title="bbox 225 1876 986 1985; baseline 0.011 -34"><span class='ocrx_word' id='word_1_105' title='bbox 225 1878 307 1951; x_wconf 65' lang='lat' dir='ltr'>stira</span> <span class='ocrx_word' id='word_1_106' title='bbox 346 1876 470 1950; x_wconf 87' lang='lat' dir='ltr'>uisrtur</span> <span class='ocrx_word' id='word_1_107' title='bbox 515 1880 676 1960; x_wconf 88' lang='lat' dir='ltr'>Lilium,</span> <span class='ocrx_word' id='word_1_108' title='bbox 721 1885 755 1954; x_wconf 78' lang='grc' dir='ltr'>δι</span> <span class='ocrx_word' id='word_1_109' title='bbox 798 1884 986 1985; x_wconf 81' lang='lat' dir='ltr'>epigraphe</span> 
     </span>
     <span class='ocr_line' id='line_1_17' title="bbox 226 1983 986 2084; baseline 0.011 -31"><span class='ocrx_word' id='word_1_110' title='bbox 226 1983 542 2053; x_wconf 73' lang='lat' dir='ltr'><strong>FLORENTIA.</strong></span> <span class='ocrx_word' id='word_1_111' title='bbox 595 1987 755 2078; x_wconf 86' lang='lat' dir='ltr'>Aequale</span> <span class='ocrx_word' id='word_1_112' title='bbox 794 1984 839 2057; x_wconf 86' lang='lat' dir='ltr'>est</span> <span class='ocrx_word' id='word_1_113' title='bbox 886 1985 986 2084; x_wconf 77' lang='lat' dir='ltr'>hujus</span> 
     </span>
     <span class='ocr_line' id='line_1_18' title="bbox 225 2082 986 2181; baseline 0.011 -26"><span class='ocrx_word' id='word_1_114' title='bbox 225 2086 379 2160; x_wconf 89' lang='lat' dir='ltr'>Nummi</span> <span class='ocrx_word' id='word_1_115' title='bbox 415 2082 550 2181; x_wconf 87' lang='lat' dir='ltr'>pondus</span> <span class='ocrx_word' id='word_1_116' title='bbox 578 2109 657 2156; x_wconf 90' lang='lat' dir='ltr'>curn</span> <span class='ocrx_word' id='word_1_117' title='bbox 685 2088 797 2158; x_wconf 89' lang='lat' dir='ltr'>aureis</span> <span class='ocrx_word' id='word_1_118' title='bbox 831 2091 986 2163; x_wconf 90' lang='lat' dir='ltr'>nummis</span> 
     </span>
     <span class='ocr_line' id='line_1_19' title="bbox 224 2184 985 2281; baseline 0.007 -21"><span class='ocrx_word' id='word_1_119' title='bbox 224 2184 397 2273; x_wconf 84' lang='lat' dir='ltr'>Liliaris,</span> <span class='ocrx_word' id='word_1_120' title='bbox 424 2187 485 2281; x_wconf 88' lang='lat' dir='ltr'>qui</span> <span class='ocrx_word' id='word_1_121' title='bbox 514 2211 605 2256; x_wconf 91' lang='lat' dir='ltr'>nunc</span> <span class='ocrx_word' id='word_1_122' title='bbox 635 2188 834 2261; x_wconf 86' lang='lat' dir='ltr'>Florentiae</span> <span class='ocrx_word' id='word_1_123' title='bbox 854 2192 985 2265; x_wconf 81' lang='lat' dir='ltr'>cudun-</span> 
     </span>
    </p>
   </div>
   <div class='ocr_carea' id='block_1_6' title="bbox 1092 1577 1861 2284">
    <p class='ocr_par' dir='ltr' id='par_1_8' title="bbox 1092 1577 1861 2284">
     <span class='ocr_line' id='line_1_20' title="bbox 1095 1577 1856 1673; baseline 0.004 -24"><span class='ocrx_word' id='word_1_124' title='bbox 1095 1579 1250 1673; x_wconf 88' lang='lat' dir='ltr'>Populus</span> <span class='ocrx_word' id='word_1_125' title='bbox 1278 1577 1527 1651; x_wconf 84' lang='lat' dir='ltr'>Foroliviensts</span> <span class='ocrx_word' id='word_1_126' title='bbox 1554 1607 1573 1652; x_wconf 91' lang='lat' dir='ltr'>a</span> <span class='ocrx_word' id='word_1_127' title='bbox 1600 1580 1782 1654; x_wconf 73' lang='lat' dir='ltr'>friderico</span> <span class='ocrx_word' id='word_1_128' title='bbox 1809 1583 1856 1653; x_wconf 90' lang='lat'>11.</span> 
     </span>
     <span class='ocr_line' id='line_1_21' title="bbox 1095 1676 1859 1779; baseline 0.004 -28"><span class='ocrx_word' id='word_1_129' title='bbox 1095 1677 1253 1776; x_wconf 88' lang='lat' dir='ltr'>Augullo</span> <span class='ocrx_word' id='word_1_130' title='bbox 1281 1676 1510 1776; x_wconf 87' lang='lat' dir='ltr'>privilegium</span> <span class='ocrx_word' id='word_1_131' title='bbox 1537 1686 1709 1756; x_wconf 82' lang='lat' dir='ltr'>Monetae</span> <span class='ocrx_word' id='word_1_132' title='bbox 1743 1681 1859 1779; x_wconf 88' lang='lat' dir='ltr'>impe-</span> 
     </span>
     <span class='ocr_line' id='line_1_22' title="bbox 1092 1778 1859 1879; baseline 0.001 -26"><span class='ocrx_word' id='word_1_133' title='bbox 1092 1779 1227 1853; x_wconf 77' lang='lat' dir='ltr'>travit.</span> <span class='ocrx_word' id='word_1_134' title='bbox 1257 1778 1358 1850; x_wconf 90' lang='lat' dir='ltr'>Paria</span> <span class='ocrx_word' id='word_1_135' title='bbox 1386 1781 1576 1855; x_wconf 89' lang='lat' dir='ltr'>memoriae</span> <span class='ocrx_word' id='word_1_136' title='bbox 1604 1783 1760 1879; x_wconf 93' lang='lat' dir='ltr'>prodidit</span> <span class='ocrx_word' id='word_1_137' title='bbox 1787 1785 1859 1856; x_wconf 90' lang='lat' dir='ltr'>Bo-</span> 
     </span>
     <span class='ocr_line' id='line_1_23' title="bbox 1096 1879 1857 1957; baseline 0.005 -5"><span class='ocrx_word' id='word_1_138' title='bbox 1096 1879 1223 1953; x_wconf 86' lang='lat' dir='ltr'>nobius</span> <span class='ocrx_word' id='word_1_139' title='bbox 1260 1879 1343 1953; x_wconf 89' lang='lat' dir='ltr'>Lib.</span> <span class='ocrx_word' id='word_1_140' title='bbox 1368 1879 1857 1957; x_wconf 83' lang='lat' dir='ltr'>X.Hillor.Foroliviens1s.</span> 
     </span>
     <span class='ocr_line' id='line_1_24' title="bbox 1098 1981 1858 2080; baseline 0 -25"><span class='ocrx_word' id='word_1_141' title='bbox 1098 1983 1228 2055; x_wconf 90' lang='lat' dir='ltr'>Nullos</span> <span class='ocrx_word' id='word_1_142' title='bbox 1255 1997 1373 2052; x_wconf 90' lang='lat' dir='ltr'>tamen</span> <span class='ocrx_word' id='word_1_143' title='bbox 1401 1981 1553 2080; x_wconf 81' lang='lat' dir='ltr'>ejusdem</span> <span class='ocrx_word' id='word_1_144' title='bbox 1582 1983 1695 2056; x_wconf 90' lang='lat' dir='ltr'>Urbis</span> <span class='ocrx_word' id='word_1_145' title='bbox 1725 2004 1858 2057; x_wconf 83' lang='lat' dir='ltr'>veteres</span> 
     </span>
     <span class='ocr_line' id='line_1_25' title="bbox 1098 2080 1859 2157; baseline -0.003 0"><span class='ocrx_word' id='word_1_146' title='bbox 1098 2087 1275 2157; x_wconf 89' lang='lat' dir='ltr'>Nummos</span> <span class='ocrx_word' id='word_1_147' title='bbox 1301 2080 1468 2156; x_wconf 66' lang='lat' dir='ltr'>hailenus</span> <span class='ocrx_word' id='word_1_148' title='bbox 1488 2082 1607 2156; x_wconf 86' lang='lat' dir='ltr'>videre</span> <span class='ocrx_word' id='word_1_149' title='bbox 1627 2084 1717 2157; x_wconf 86' lang='lat' dir='ltr'>mihi</span> <span class='ocrx_word' id='word_1_150' title='bbox 1736 2085 1859 2157; x_wconf 77' lang='lat' dir='ltr'>datura</span> 
     </span>
     <span class='ocr_line' id='line_1_26' title="bbox 1097 2183 1861 2284; baseline -0.001 -27"><span class='ocrx_word' id='word_1_151' title='bbox 1097 2183 1165 2257; x_wconf 85' lang='lat' dir='ltr'>ell.</span> <span class='ocrx_word' id='word_1_152' title='bbox 1202 2187 1322 2255; x_wconf 91' lang='lat' dir='ltr'>Unum</span> <span class='ocrx_word' id='word_1_153' title='bbox 1350 2184 1535 2258; x_wconf 86' lang='lat' dir='ltr'>dumtaxat</span> <span class='ocrx_word' id='word_1_154' title='bbox 1564 2185 1750 2259; x_wconf 89' lang='lat' dir='ltr'>Numisma</span> <span class='ocrx_word' id='word_1_155' title='bbox 1778 2211 1861 2284; x_wconf 93' lang='lat' dir='ltr'>pro·</span> 
     </span>
    </p>
   </div>
   <div class='ocr_carea' id='block_1_7' title="bbox 225 2270 1861 2386">
    <p class='ocr_par' dir='ltr' id='par_1_9' title="bbox 225 2270 1861 2386">
     <span class='ocr_line' id='line_1_27' title="bbox 225 2270 1861 2386; baseline -0.003 -24"><span class='ocrx_word' id='word_1_156' title='bbox 225 2306 302 2362; x_wconf 88' lang='lat' dir='ltr'>tur.</span> <span class='ocrx_word' id='word_1_157' title='bbox 332 2290 371 2358; x_wconf 89' lang='lat' dir='ltr'>ln</span> <span class='ocrx_word' id='word_1_158' title='bbox 399 2286 530 2358; x_wconf 83' lang='lat' dir='ltr'>notitial</span> <span class='ocrx_word' id='word_1_159' title='bbox 551 2285 706 2360; x_wconf 89' lang='lat' dir='ltr'>Urbium</span> <span class='ocrx_word' id='word_1_160' title='bbox 729 2291 983 2386; x_wconf 53' lang='lat' dir='ltr'>Methana</span> <span class='ocrx_word' id='word_1_161' title='bbox 1021 2270 1056 2349; x_wconf 80' lang='lat' dir='ltr'>C</span> <span class='ocrx_word' id='word_1_162' title='bbox 1097 2283 1228 2365; x_wconf 90' lang='lat' dir='ltr'>seram,</span> <span class='ocrx_word' id='word_1_163' title='bbox 1256 2284 1447 2358; x_wconf 88' lang='lat' dir='ltr'>abeodem</span> <span class='ocrx_word' id='word_1_164' title='bbox 1475 2284 1624 2360; x_wconf 90' lang='lat' dir='ltr'>Comite</span> <span class='ocrx_word' id='word_1_165' title='bbox 1654 2285 1861 2384; x_wconf 82' lang='lat' dir='ltr'>Monfigna·</span> 
     </span>
    </p>
   </div>
   <div class='ocr_carea' id='block_1_8' title="bbox 226 2382 2005 2489">
    <p class='ocr_par' dir='ltr' id='par_1_10' title="bbox 226 2382 2005 2489">
     <span class='ocr_line' id='line_1_28' title="bbox 226 2382 2005 2489; baseline -0.004 -25"><span class='ocrx_word' id='word_1_166' title='bbox 226 2388 416 2489; x_wconf 87' lang='lat' dir='ltr'>Pignorius</span> <span class='ocrx_word' id='word_1_167' title='bbox 442 2388 530 2459; x_wconf 90' lang='lat' dir='ltr'>olim</span> <span class='ocrx_word' id='word_1_168' title='bbox 559 2390 722 2462; x_wconf 88' lang='lat' dir='ltr'>laudabat</span> <span class='ocrx_word' id='word_1_169' title='bbox 749 2391 785 2464; x_wconf 91' lang='lat' dir='ltr'>in</span> <span class='ocrx_word' id='word_1_170' title='bbox 816 2395 924 2469; x_wconf 90' lang='lat' dir='ltr'>Notis</span> <span class='ocrx_word' id='word_1_171' title='bbox 944 2395 985 2468; x_wconf 91' lang='lat' dir='ltr'>ad</span> <span class='ocrx_word' id='word_1_172' title='bbox 1068 2384 1072 2467; x_wconf 93' lang='lat' dir='ltr'>l</span> <span class='ocrx_word' id='word_1_173' title='bbox 1099 2413 1145 2459; x_wconf 83' lang='lat' dir='ltr'>no</span> <span class='ocrx_word' id='word_1_174' title='bbox 1173 2387 1214 2457; x_wconf 75' lang='lat' dir='ltr'>ad</span> <span class='ocrx_word' id='word_1_175' title='bbox 1243 2411 1299 2458; x_wconf 82' lang='lat' dir='ltr'>me</span> <span class='ocrx_word' id='word_1_176' title='bbox 1326 2386 1486 2458; x_wconf 80' lang='lat' dir='ltr'>missum·</span> <span class='ocrx_word' id='word_1_177' title='bbox 1514 2385 1569 2458; x_wconf 88' lang='lat' dir='ltr'>Ibi</span> <span class='ocrx_word' id='word_1_178' title='bbox 1596 2387 1730 2482; x_wconf 85' lang='lat' dir='ltr'>effigies</span> <span class='ocrx_word' id='word_1_179' title='bbox 1752 2393 1861 2461; x_wconf 87' lang='lat' dir='ltr'>Fran·</span> <span class='ocrx_word' id='word_1_180' title='bbox 2001 2382 2005 2388; x_wconf 52' lang='lat'><strong>⁴</strong></span> 
     </span>
    </p>
   </div>
   <div class='ocr_carea' id='block_1_9' title="bbox 224 2489 987 2694">
    <p class='ocr_par' dir='ltr' id='par_1_11' title="bbox 224 2489 987 2694">
     <span class='ocr_line' id='line_1_29' title="bbox 225 2489 987 2593; baseline 0.005 -27"><span class='ocrx_word' id='word_1_181' title='bbox 225 2491 419 2566; x_wconf 82' lang='lat' dir='ltr'>Historiam</span> <span class='ocrx_word' id='word_1_182' title='bbox 441 2489 608 2573; x_wconf 82' lang='lat' dir='ltr'>Mullati,</span> <span class='ocrx_word' id='word_1_183' title='bbox 635 2490 718 2565; x_wconf 88' lang='lat' dir='ltr'>haec</span> <span class='ocrx_word' id='word_1_184' title='bbox 739 2493 865 2593; x_wconf 89' lang='lat' dir='ltr'>scripta</span> <span class='ocrx_word' id='word_1_185' title='bbox 887 2496 987 2570; x_wconf 89' lang='lat' dir='ltr'>sunt:</span> 
     </span>
     <span class='ocr_line' id='line_1_30' title="bbox 224 2591 987 2694; baseline 0.008 -30"><span class='ocrx_word' id='word_1_186' title='bbox 224 2594 356 2664; x_wconf 83' lang='lat' dir='ltr'>Civitas</span> <span class='ocrx_word' id='word_1_187' title='bbox 384 2591 442 2678; x_wconf 80' lang='lat' dir='ltr'>illa</span> <span class='ocrx_word' id='word_1_188' title='bbox 468 2595 555 2662; x_wconf 78' lang='lat' dir='ltr'>eadit</span> <span class='ocrx_word' id='word_1_189' title='bbox 594 2597 780 2678; x_wconf 82' lang='lat' dir='ltr'>Monetam,</span> <span class='ocrx_word' id='word_1_190' title='bbox 816 2625 883 2668; x_wconf 84' lang='lat' dir='ltr'>cnm</span> <span class='ocrx_word' id='word_1_191' title='bbox 925 2626 987 2694; x_wconf 84' lang='lat' dir='ltr'>qua</span> 
     </span>
    </p>
   </div>
   <div class='ocr_carea' id='block_1_10' title="bbox 220 2693 1017 2789">
    <p class='ocr_par' dir='ltr' id='par_1_12' title="bbox 220 2693 1017 2789">
     <span class='ocr_line' id='line_1_31' title="bbox 220 2693 1017 2789; baseline 0.006 -26"><span class='ocrx_word' id='word_1_192' title='bbox 220 2695 288 2785; x_wconf 72' lang='lat' dir='ltr'>sere</span> <span class='ocrx_word' id='word_1_193' title='bbox 316 2696 462 2763; x_wconf 77' lang='lat' dir='ltr'>Mandas</span> <span class='ocrx_word' id='word_1_194' title='bbox 488 2693 588 2763; x_wconf 84' lang='lat' dir='ltr'>omnis</span> <span class='ocrx_word' id='word_1_195' title='bbox 613 2696 784 2779; x_wconf 79' lang='lat' dir='ltr'>tunditur,</span> <span class='ocrx_word' id='word_1_196' title='bbox 814 2699 908 2770; x_wconf 84' lang='lat' dir='ltr'>immo</span> <span class='ocrx_word' id='word_1_197' title='bbox 933 2722 988 2789; x_wconf 87' lang='lat' dir='ltr'>per</span> <span class='ocrx_word' id='word_1_198' title='bbox 1011 2759 1017 2783; x_wconf 85' lang='lat'>,</span> 
     </span>
    </p>
   </div>
   <div class='ocr_carea' id='block_1_11' title="bbox 226 2794 986 2992">
    <p class='ocr_par' dir='ltr' id='par_1_13' title="bbox 226 2794 986 2992">
     <span class='ocr_line' id='line_1_32' title="bbox 226 2794 985 2887; baseline 0.009 -21"><span class='ocrx_word' id='word_1_199' title='bbox 226 2795 319 2866; x_wconf 85' lang='lat' dir='ltr'>illam</span> <span class='ocrx_word' id='word_1_200' title='bbox 344 2815 467 2887; x_wconf 84' lang='lat' dir='ltr'>peccata</span> <span class='ocrx_word' id='word_1_201' title='bbox 493 2794 584 2864; x_wconf 83' lang='lat' dir='ltr'>bodie</span> <span class='ocrx_word' id='word_1_202' title='bbox 601 2795 693 2887; x_wconf 84' lang='lat' dir='ltr'>fiune</span> <span class='ocrx_word' id='word_1_203' title='bbox 728 2798 891 2872; x_wconf 81' lang='lat' dir='ltr'>mirabilia</span> <span class='ocrx_word' id='word_1_204' title='bbox 917 2802 985 2873; x_wconf 70' lang='lat' dir='ltr'>&amp;n</span> 
     </span>
     <span class='ocr_line' id='line_1_33' title="bbox 227 2893 986 2992; baseline 0.008 -27"><span class='ocrx_word' id='word_1_205' title='bbox 227 2895 330 2966; x_wconf 73' lang='lat' dir='ltr'>Hodie</span> <span class='ocrx_word' id='word_1_206' title='bbox 349 2895 479 2963; x_wconf 83' lang='lat' dir='ltr'>Ciuitas</span> <span class='ocrx_word' id='word_1_207' title='bbox 499 2893 567 2984; x_wconf 74' lang='lat' dir='ltr'>ipsa</span> <span class='ocrx_word' id='word_1_208' title='bbox 584 2898 687 2965; x_wconf 79' lang='lat' dir='ltr'>anneis</span> <span class='ocrx_word' id='word_1_209' title='bbox 698 2944 709 2977; x_wconf 97' lang='lat'>,</span> <span class='ocrx_word' id='word_1_210' title='bbox 732 2925 805 2992; x_wconf 81' lang='lat' dir='ltr'>quos</span> <span class='ocrx_word' id='word_1_211' title='bbox 831 2901 986 2985; x_wconf 67' lang='lat' dir='ltr'>fabricat,</span> 
     </span>
    </p>
   </div>
   <div class='ocr_carea' id='block_1_12' title="bbox 226 2994 984 3085">
    <p class='ocr_par' dir='ltr' id='par_1_14' title="bbox 226 2994 984 3085">
     <span class='ocr_line' id='line_1_34' title="bbox 226 2994 984 3085; baseline -0.009 -17"><span class='ocrx_word' id='word_1_212' title='bbox 226 2995 269 3068; x_wconf 76' lang='lat' dir='ltr'>ab</span> <span class='ocrx_word' id='word_1_213' title='bbox 296 2995 364 3085; x_wconf 74' lang='lat' dir='ltr'>ipsa</span> <span class='ocrx_word' id='word_1_214' title='bbox 390 2994 555 3064; x_wconf 82' lang='lat' dir='ltr'>Florentia</span> <span class='ocrx_word' id='word_1_215' title='bbox 595 2996 766 3067; x_wconf 83' lang='lat' dir='ltr'>nominatis</span> <span class='ocrx_word' id='word_1_216' title='bbox 806 3005 984 3075; x_wconf 83' lang='lat' dir='ltr'>FLORE.</span> 
     </span>
    </p>
   </div>
   <div class='ocr_carea' id='block_1_13' title="bbox 1098 2485 1863 2586">
    <p class='ocr_par' dir='ltr' id='par_1_15' title="bbox 1098 2485 1863 2586">
     <span class='ocr_line' id='line_1_35' title="bbox 1098 2485 1863 2586; baseline -0.001 -24"><span class='ocrx_word' id='word_1_217' title='bbox 1098 2485 1185 2562; x_wconf 89' lang='lat' dir='ltr'>cisci</span> <span class='ocrx_word' id='word_1_218' title='bbox 1212 2487 1405 2586; x_wconf 90' lang='lat' dir='ltr'>Ordelaphi</span> <span class='ocrx_word' id='word_1_219' title='bbox 1434 2485 1727 2560; x_wconf 85' lang='lat' dir='ltr'>Forolivienstum</span> <span class='ocrx_word' id='word_1_220' title='bbox 1757 2487 1863 2562; x_wconf 85' lang='lat' dir='ltr'>Prin-</span> 
     </span>
    </p>
   </div>
   <div class='ocr_carea' id='block_1_14' title="bbox 1068 2588 1863 2697">
    <p class='ocr_par' dir='ltr' id='par_1_16' title="bbox 1068 2588 1863 2697">
     <span class='ocr_line' id='line_1_36' title="bbox 1068 2588 1863 2697; baseline 0.001 -35"><span class='ocrx_word' id='word_1_221' title='bbox 1068 2660 1072 2697; x_wconf 62' lang='grc' dir='ltr'>Ι</span> <span class='ocrx_word' id='word_1_222' title='bbox 1099 2588 1210 2688; x_wconf 87' lang='lat' dir='ltr'>cipis,</span> <span class='ocrx_word' id='word_1_223' title='bbox 1238 2615 1341 2684; x_wconf 90' lang='lat' dir='ltr'>quem</span> <span class='ocrx_word' id='word_1_224' title='bbox 1363 2596 1454 2660; x_wconf 79' lang='lat' dir='ltr'>Ceno</span> <span class='ocrx_word' id='word_1_225' title='bbox 1472 2590 1717 2688; x_wconf 87' lang='lat' dir='ltr'>appellabant,</span> <span class='ocrx_word' id='word_1_226' title='bbox 1744 2616 1763 2663; x_wconf 95' lang='lat' dir='ltr'>e</span> <span class='ocrx_word' id='word_1_227' title='bbox 1783 2616 1863 2663; x_wconf 87' lang='lat' dir='ltr'>cor-</span> 
     </span>
    </p>
   </div>
   <div class='ocr_carea' id='block_1_15' title="bbox 1099 2689 1864 2867">
    <p class='ocr_par' dir='ltr' id='par_1_17' title="bbox 1099 2689 1864 2867">
     <span class='ocr_line' id='line_1_37' title="bbox 1099 2689 1863 2789; baseline 0 -25"><span class='ocrx_word' id='word_1_228' title='bbox 1099 2709 1204 2789; x_wconf 92' lang='lat' dir='ltr'>rupto</span> <span class='ocrx_word' id='word_1_229' title='bbox 1231 2689 1393 2781; x_wconf 75' lang='lat' dir='ltr'>francisci</span> <span class='ocrx_word' id='word_1_230' title='bbox 1412 2689 1575 2763; x_wconf 90' lang='lat' dir='ltr'>nomine.</span> <span class='ocrx_word' id='word_1_231' title='bbox 1602 2689 1642 2763; x_wconf 94' lang='lat' dir='ltr'>In</span> <span class='ocrx_word' id='word_1_232' title='bbox 1663 2692 1776 2764; x_wconf 85' lang='lat' dir='ltr'>limbo</span> <span class='ocrx_word' id='word_1_233' title='bbox 1797 2690 1863 2764; x_wconf 92' lang='lat' dir='ltr'>hae</span> 
     </span>
     <span class='ocr_line' id='line_1_38' title="bbox 1099 2788 1864 2867; baseline 0.001 -2"><span class='ocrx_word' id='word_1_234' title='bbox 1099 2791 1224 2865; x_wconf 90' lang='lat' dir='ltr'>literae</span> <span class='ocrx_word' id='word_1_235' title='bbox 1263 2788 1396 2864; x_wconf 82' lang='lat' dir='ltr'>Ciccus</span> <span class='ocrx_word' id='word_1_236' title='bbox 1432 2789 1497 2863; x_wconf 89' lang='lat' dir='ltr'>III.</span> <span class='ocrx_word' id='word_1_237' title='bbox 1525 2795 1864 2867; x_wconf 84' lang='lat' dir='ltr'>ORDELAPHVS</span> 
     </span>
    </p>
   </div>
   <div class='ocr_carea' id='block_1_16' title="bbox 1069 2894 1864 3094">
    <p class='ocr_par' dir='ltr' id='par_1_18' title="bbox 1069 2894 1864 3094">
     <span class='ocr_line' id='line_1_39' title="bbox 1069 2894 1864 2977; baseline 0.005 -13"><span class='ocrx_word' id='word_1_238' title='bbox 1069 2902 1072 2977; x_wconf 66' lang='lat' dir='ltr'>l</span> <span class='ocrx_word' id='word_1_239' title='bbox 1101 2894 1339 2966; x_wconf 83' lang='lat' dir='ltr'>PORLlVlY</span> <span class='ocrx_word' id='word_1_240' title='bbox 1369 2897 1407 2963; x_wconf 88' lang='lat' dir='ltr'>P.</span> <span class='ocrx_word' id='word_1_241' title='bbox 1436 2895 1473 2965; x_wconf 91' lang='grc' dir='ltr'>Ρ.</span> <span class='ocrx_word' id='word_1_242' title='bbox 1500 2896 1568 2966; x_wconf 84' lang='lat' dir='ltr'>ET</span> <span class='ocrx_word' id='word_1_243' title='bbox 1607 2896 1864 2969; x_wconf 85' lang='lat' dir='ltr'>PRlNCEPS.</span> 
     </span>
     <span class='ocr_line' id='line_1_40' title="bbox 1069 2982 1864 3094; baseline -0.004 -24"><span class='ocrx_word' id='word_1_244' title='bbox 1069 2982 1143 3070; x_wconf 68' lang='lat' dir='ltr'>¹tln</span> <span class='ocrx_word' id='word_1_245' title='bbox 1179 3018 1256 3064; x_wconf 90' lang='lat' dir='ltr'>area</span> <span class='ocrx_word' id='word_1_246' title='bbox 1293 2998 1327 3065; x_wconf 96' lang='lat' dir='ltr'>V</span> <span class='ocrx_word' id='word_1_247' title='bbox 1355 2990 1532 3089; x_wconf 86' lang='lat' dir='ltr'>(sortallis</span> <span class='ocrx_word' id='word_1_248' title='bbox 1569 3021 1633 3094; x_wconf 88' lang='lat' dir='ltr'>pro</span> <span class='ocrx_word' id='word_1_249' title='bbox 1661 2997 1790 3093; x_wconf 77' lang='lat' dir='ltr'>Vivat)</span> <span class='ocrx_word' id='word_1_250' title='bbox 1827 2997 1864 3067; x_wconf 75' lang='grc' dir='ltr'>δι</span> 
     </span>
    </p>
   </div>
   <div class='ocr_carea' id='block_1_17' title="bbox 226 3076 1866 4003">
    <p class='ocr_par' dir='ltr' id='par_1_19' title="bbox 226 3076 1866 4003">
     <span class='ocr_line' id='line_1_41' title="bbox 228 3076 1866 3195; baseline 0.003 -29"><span class='ocrx_word' id='word_1_251' title='bbox 228 3093 622 3189; x_wconf 81' lang='lat' dir='ltr'>NlS,ma1&#39;oralonge,</span> <span class='ocrx_word' id='word_1_252' title='bbox 658 3102 756 3193; x_wconf 72' lang='lat' dir='ltr'>qualm</span> <span class='ocrx_word' id='word_1_253' title='bbox 782 3102 876 3175; x_wconf 80' lang='lat' dir='ltr'>clava</span> <span class='ocrx_word' id='word_1_254' title='bbox 905 3110 987 3174; x_wconf 86' lang='lat' dir='ltr'>Her·</span> <span class='ocrx_word' id='word_1_255' title='bbox 1069 3076 1364 3168; x_wconf 73' lang='lat' dir='ltr'>&#39;Mccccvlt</span> <span class='ocrx_word' id='word_1_256' title='bbox 1393 3098 1435 3167; x_wconf 91' lang='lat' dir='ltr'>In</span> <span class='ocrx_word' id='word_1_257' title='bbox 1462 3094 1590 3194; x_wconf 84' lang='lat' dir='ltr'>postica</span> <span class='ocrx_word' id='word_1_258' title='bbox 1616 3095 1750 3195; x_wconf 83' lang='lat' dir='ltr'>effigies</span> <span class='ocrx_word' id='word_1_259' title='bbox 1769 3093 1866 3171; x_wconf 87' lang='lat' dir='ltr'>Cur·</span> 
     </span>
     <span class='ocr_line' id='line_1_42' title="bbox 226 3187 1864 3295; baseline 0.009 -27"><span class='ocrx_word' id='word_1_260' title='bbox 226 3197 325 3277; x_wconf 73' lang='lat' dir='ltr'>ralis,</span> <span class='ocrx_word' id='word_1_261' title='bbox 359 3199 491 3276; x_wconf 71' lang='lat' dir='ltr'>damae,</span> <span class='ocrx_word' id='word_1_262' title='bbox 533 3193 580 3272; x_wconf 64' lang='lat' dir='ltr'>de</span> <span class='ocrx_word' id='word_1_263' title='bbox 613 3200 796 3272; x_wconf 70' lang='lat' dir='ltr'>dominatur</span> <span class='ocrx_word' id='word_1_264' title='bbox 822 3205 855 3274; x_wconf 76' lang='lat' dir='ltr'>a&#39;a</span> <span class='ocrx_word' id='word_1_265' title='bbox 882 3209 984 3279; x_wconf 78' lang='lat' dir='ltr'>Orbe.</span> <span class='ocrx_word' id='word_1_266' title='bbox 1026 3187 1072 3281; x_wconf 77' lang='lat' dir='ltr'>D.</span> <span class='ocrx_word' id='word_1_267' title='bbox 1100 3194 1146 3270; x_wconf 79' lang='lat' dir='ltr'>tii</span> <span class='ocrx_word' id='word_1_268' title='bbox 1175 3195 1354 3280; x_wconf 81' lang='lat' dir='ltr'>Romani,</span> <span class='ocrx_word' id='word_1_269' title='bbox 1391 3224 1482 3295; x_wconf 84' lang='lat' dir='ltr'>equo</span> <span class='ocrx_word' id='word_1_270' title='bbox 1517 3197 1721 3291; x_wconf 86' lang='lat' dir='ltr'>infidenris,</span> <span class='ocrx_word' id='word_1_271' title='bbox 1761 3199 1796 3271; x_wconf 84' lang='lat'>&amp;</span> <span class='ocrx_word' id='word_1_272' title='bbox 1823 3197 1864 3272; x_wconf 76' lang='lat' dir='ltr'>in</span> 
     </span>
     <span class='ocr_line' id='line_1_43' title="bbox 228 3296 1865 3399; baseline 0.002 -27"><span class='ocrx_word' id='word_1_273' title='bbox 228 3298 442 3372; x_wconf 88' lang='lat' dir='ltr'>Guilielmus</span> <span class='ocrx_word' id='word_1_274' title='bbox 471 3303 629 3371; x_wconf 80' lang='lat' dir='ltr'>Ventura</span> <span class='ocrx_word' id='word_1_275' title='bbox 656 3305 745 3398; x_wconf 72' lang='lat' dir='ltr'>Cap</span> <span class='ocrx_word' id='word_1_276' title='bbox 778 3310 838 3396; x_wconf 79' lang='lat'>46.</span> <span class='ocrx_word' id='word_1_277' title='bbox 867 3304 987 3380; x_wconf 89' lang='lat' dir='ltr'>Chro-</span> <span class='ocrx_word' id='word_1_278' title='bbox 1069 3296 1306 3399; x_wconf 60' lang='lat' dir='ltr'>{voraginem</span> <span class='ocrx_word' id='word_1_279' title='bbox 1345 3296 1453 3370; x_wconf 91' lang='lat' dir='ltr'>semet</span> <span class='ocrx_word' id='word_1_280' title='bbox 1490 3326 1553 3396; x_wconf 92' lang='lat' dir='ltr'>pro</span> <span class='ocrx_word' id='word_1_281' title='bbox 1595 3299 1708 3399; x_wconf 91' lang='lat' dir='ltr'>patria</span> <span class='ocrx_word' id='word_1_282' title='bbox 1748 3301 1865 3399; x_wconf 88' lang='lat' dir='ltr'>conji-</span> 
     </span>
     <span class='ocr_line' id='line_1_44' title="bbox 228 3395 1861 3497; baseline 0.004 -29"><span class='ocrx_word' id='word_1_283' title='bbox 228 3400 302 3472; x_wconf 90' lang='lat' dir='ltr'>nici</span> <span class='ocrx_word' id='word_1_284' title='bbox 331 3395 478 3471; x_wconf 87' lang='lat' dir='ltr'>Allensrs</span> <span class='ocrx_word' id='word_1_285' title='bbox 505 3401 614 3471; x_wconf 89' lang='lat' dir='ltr'>Tom.</span> <span class='ocrx_word' id='word_1_286' title='bbox 644 3404 705 3471; x_wconf 84' lang='lat' dir='ltr'>lll.</span> <span class='ocrx_word' id='word_1_287' title='bbox 728 3405 807 3475; x_wconf 86' lang='lat' dir='ltr'>Rer.</span> <span class='ocrx_word' id='word_1_288' title='bbox 830 3405 986 3479; x_wconf 76' lang='lat' dir='ltr'>Italicar,</span> <span class='ocrx_word' id='word_1_289' title='bbox 1100 3397 1252 3487; x_wconf 87' lang='lat' dir='ltr'>cientis,</span> <span class='ocrx_word' id='word_1_290' title='bbox 1269 3422 1349 3469; x_wconf 91' lang='lat' dir='ltr'>cum</span> <span class='ocrx_word' id='word_1_291' title='bbox 1365 3398 1575 3497; x_wconf 86' lang='lat' dir='ltr'>epigraphe,</span> <span class='ocrx_word' id='word_1_292' title='bbox 1590 3398 1861 3474; x_wconf 85' lang='lat' dir='ltr'>fiveverficulo:</span> 
     </span>
     <span class='ocr_line' id='line_1_45' title="bbox 228 3497 988 3602; baseline 0.001 -28"><span class='ocrx_word' id='word_1_293' title='bbox 228 3499 350 3574; x_wconf 73' lang='lat' dir='ltr'>aublor</span> <span class='ocrx_word' id='word_1_294' title='bbox 375 3497 442 3585; x_wconf 86' lang='lat' dir='ltr'>est,</span> <span class='ocrx_word' id='word_1_295' title='bbox 482 3500 729 3588; x_wconf 82' lang='lat' dir='ltr'>Raynrundum</span> <span class='ocrx_word' id='word_1_296' title='bbox 758 3501 799 3572; x_wconf 92' lang='lat' dir='ltr'>de</span> <span class='ocrx_word' id='word_1_297' title='bbox 826 3505 988 3602; x_wconf 86' lang='lat' dir='ltr'>Terzago</span> 
     </span>
     <span class='ocr_line' id='line_1_46' title="bbox 228 3599 987 3695; baseline 0.004 -22"><span class='ocrx_word' id='word_1_298' title='bbox 228 3599 465 3695; x_wconf 90' lang='lat' dir='ltr'>Capitaneum</span> <span class='ocrx_word' id='word_1_299' title='bbox 514 3599 641 3695; x_wconf 84' lang='lat' dir='ltr'>Populi</span> <span class='ocrx_word' id='word_1_300' title='bbox 679 3599 828 3672; x_wconf 74' lang='lat' dir='ltr'>Aliensis</span> <span class='ocrx_word' id='word_1_301' title='bbox 869 3629 987 3676; x_wconf 91' lang='lat' dir='ltr'>cortu·</span> 
     </span>
     <span class='ocr_line' id='line_1_47' title="bbox 229 3695 991 3800; baseline 0.003 -27"><span class='ocrx_word' id='word_1_302' title='bbox 229 3718 329 3800; x_wconf 88' lang='lat' dir='ltr'>ptum</span> <span class='ocrx_word' id='word_1_303' title='bbox 358 3695 456 3768; x_wconf 87' lang='lat' dir='ltr'>fuisse</span> <span class='ocrx_word' id='word_1_304' title='bbox 484 3724 521 3767; x_wconf 85' lang='lat' dir='ltr'>ex</span> <span class='ocrx_word' id='word_1_305' title='bbox 546 3707 648 3769; x_wconf 80' lang='lat' dir='ltr'>multa</span> <span class='ocrx_word' id='word_1_306' title='bbox 665 3701 863 3795; x_wconf 76' lang='lat' dir='ltr'>,quantitate</span> <span class='ocrx_word' id='word_1_307' title='bbox 892 3728 991 3775; x_wconf 77' lang='lat' dir='ltr'>terrae</span> 
     </span>
     <span class='ocr_line' id='line_1_48' title="bbox 229 3800 988 3879; baseline 0.004 -6"><span class='ocrx_word' id='word_1_308' title='bbox 229 3800 342 3873; x_wconf 78' lang='lat' dir='ltr'>rubeae</span> <span class='ocrx_word' id='word_1_309' title='bbox 369 3801 595 3871; x_wconf 71' lang='lat' dir='ltr'>florentinae.</span> <span class='ocrx_word' id='word_1_310' title='bbox 625 3802 705 3873; x_wconf 89' lang='lat' dir='ltr'>Hoc</span> <span class='ocrx_word' id='word_1_311' title='bbox 734 3802 878 3877; x_wconf 84' lang='lat' dir='ltr'>nomine</span> <span class='ocrx_word' id='word_1_312' title='bbox 905 3804 988 3879; x_wconf 90' lang='lat' dir='ltr'>desr·</span> 
     </span>
     <span class='ocr_line' id='line_1_49' title="bbox 230 3895 1866 4003; baseline 0.005 -32"><span class='ocrx_word' id='word_1_313' title='bbox 230 3901 330 4003; x_wconf 89' lang='lat' dir='ltr'>gnati</span> <span class='ocrx_word' id='word_1_314' title='bbox 373 3901 505 3970; x_wconf 82' lang='lat' dir='ltr'>Floreni</span> <span class='ocrx_word' id='word_1_315' title='bbox 545 3900 638 3973; x_wconf 86' lang='lat' dir='ltr'>aurei</span> <span class='ocrx_word' id='word_1_316' title='bbox 676 3904 878 3985; x_wconf 74' lang='lat' dir='ltr'>florentiae</span> <span class='ocrx_word' id='word_1_317' title='bbox 914 3934 990 3997; x_wconf 91' lang='lat' dir='ltr'>per·</span> <span class='ocrx_word' id='word_1_318' title='bbox 1099 3895 1170 3970; x_wconf 87' lang='lat' dir='ltr'>Sub</span> <span class='ocrx_word' id='word_1_319' title='bbox 1206 3924 1298 3989; x_wconf 84' lang='lat' dir='ltr'>equo</span> <span class='ocrx_word' id='word_1_320' title='bbox 1332 3897 1396 3972; x_wconf 89' lang='lat' dir='ltr'>hae</span> <span class='ocrx_word' id='word_1_321' title='bbox 1431 3898 1559 3974; x_wconf 86' lang='lat' dir='ltr'>literae</span> <span class='ocrx_word' id='word_1_322' title='bbox 1598 3901 1776 3978; x_wconf 84' lang='lat' dir='ltr'>adduntur</span> <span class='ocrx_word' id='word_1_323' title='bbox 1802 3907 1866 3979; x_wconf 87' lang='grc' dir='ltr'>ῙΟ.</span> 
     </span>
    </p>
   </div>
   <div class='ocr_carea' id='block_1_18' title="bbox 1152 3597 1866 3777">
    <p class='ocr_par' dir='ltr' id='par_1_20' title="bbox 1152 3597 1866 3777">
     <span class='ocr_line' id='line_1_50' title="bbox 1152 3597 1866 3701; baseline 0.011 -36"><span class='ocrx_word' id='word_1_324' title='bbox 1152 3597 1227 3701; x_wconf 71' lang='lat' dir='ltr'>nc</span> <span class='ocrx_word' id='word_1_325' title='bbox 1272 3597 1381 3669; x_wconf 75' lang='lat' dir='ltr'>Mna</span> <span class='ocrx_word' id='word_1_326' title='bbox 1435 3599 1619 3670; x_wconf 76' lang='lat' dir='ltr'>urtam</span> <span class='ocrx_word' id='word_1_327' title='bbox 1673 3600 1866 3673; x_wconf 73' lang='lat' dir='ltr'>antara</span> 
     </span>
     <span class='ocr_line' id='line_1_51' title="bbox 1202 3697 1865 3777; baseline 0.018 -12"><span class='ocrx_word' id='word_1_328' title='bbox 1202 3697 1293 3768; x_wconf 74' lang='lat' dir='ltr'>nst</span> <span class='ocrx_word' id='word_1_329' title='bbox 1319 3700 1441 3770; x_wconf 72' lang='lat' dir='ltr'>aaran</span> <span class='ocrx_word' id='word_1_330' title='bbox 1468 3702 1661 3774; x_wconf 77' lang='lat' dir='ltr'>cantore</span> <span class='ocrx_word' id='word_1_331' title='bbox 1694 3704 1865 3777; x_wconf 78' lang='lat' dir='ltr'>avan.</span> 
     </span>
    </p>
   </div>
   <div class='ocr_carea' id='block_1_19' title="bbox 230 4000 991 4107">
    <p class='ocr_par' dir='ltr' id='par_1_21' title="bbox 230 4000 991 4107">
     <span class='ocr_line' id='line_1_52' title="bbox 230 4000 991 4107; baseline 0.003 -31"><span class='ocrx_word' id='word_1_332' title='bbox 230 4001 334 4101; x_wconf 79' lang='lat' dir='ltr'>culli.</span> <span class='ocrx_word' id='word_1_333' title='bbox 372 4000 435 4072; x_wconf 85' lang='lat' dir='ltr'>Sed</span> <span class='ocrx_word' id='word_1_334' title='bbox 474 4004 642 4097; x_wconf 80' lang='lat' dir='ltr'>quoniam</span> <span class='ocrx_word' id='word_1_335' title='bbox 673 4003 715 4077; x_wconf 90' lang='lat' dir='ltr'>de</span> <span class='ocrx_word' id='word_1_336' title='bbox 744 4005 891 4080; x_wconf 79' lang='lat' dir='ltr'>Florenir</span> <span class='ocrx_word' id='word_1_337' title='bbox 918 4010 991 4107; x_wconf 90' lang='lat' dir='ltr'>ple·</span> 
     </span>
    </p>
   </div>
   <div class='ocr_carea' id='block_1_20' title="bbox 228 4102 1053 4195">
    <p class='ocr_par' dir='ltr' id='par_1_22' title="bbox 228 4102 1053 4195">
     <span class='ocr_line' id='line_1_53' title="bbox 228 4102 1053 4195; baseline 0 -17"><span class='ocrx_word' id='word_1_338' title='bbox 228 4130 309 4178; x_wconf 88' lang='lat' dir='ltr'>nam</span> <span class='ocrx_word' id='word_1_339' title='bbox 349 4102 636 4175; x_wconf 86' lang='lat' dir='ltr'>Dissertationem</span> <span class='ocrx_word' id='word_1_340' title='bbox 678 4102 810 4195; x_wconf 88' lang='lat' dir='ltr'>sperare</span> <span class='ocrx_word' id='word_1_341' title='bbox 851 4135 913 4181; x_wconf 93' lang='lat' dir='ltr'>nos</span> <span class='ocrx_word' id='word_1_342' title='bbox 941 4108 991 4181; x_wconf 90' lang='lat' dir='ltr'>fa·</span> <span class='ocrx_word' id='word_1_343' title='bbox 1016 4119 1053 4187; x_wconf 58' lang='lat' dir='ltr'>{E</span> 
     </span>
    </p>
   </div>
   <div class='ocr_carea' id='block_1_21' title="bbox 229 4201 997 5012">
    <p class='ocr_par' dir='ltr' id='par_1_23' title="bbox 229 4201 997 5012">
     <span class='ocr_line' id='line_1_54' title="bbox 229 4201 993 4282; baseline 0.004 -3"><span class='ocrx_word' id='word_1_344' title='bbox 229 4206 281 4280; x_wconf 92' lang='lat' dir='ltr'>cit</span> <span class='ocrx_word' id='word_1_345' title='bbox 307 4206 365 4277; x_wconf 91' lang='lat' dir='ltr'>Cl.</span> <span class='ocrx_word' id='word_1_346' title='bbox 394 4207 436 4272; x_wconf 89' lang='lat' dir='ltr'>V.</span> <span class='ocrx_word' id='word_1_347' title='bbox 464 4201 667 4275; x_wconf 80' lang='lat' dir='ltr'>Franciscus</span> <span class='ocrx_word' id='word_1_348' title='bbox 695 4205 878 4282; x_wconf 72' lang='lat' dir='ltr'>Vislor‘ius</span> <span class='ocrx_word' id='word_1_349' title='bbox 908 4215 993 4282; x_wconf 84' lang='lat' dir='ltr'>San-</span> 
     </span>
     <span class='ocr_line' id='line_1_55' title="bbox 231 4303 992 4405; baseline 0.004 -25"><span class='ocrx_word' id='word_1_350' title='bbox 231 4306 281 4380; x_wconf 66' lang='lat' dir='ltr'>ili</span> <span class='ocrx_word' id='word_1_351' title='bbox 308 4303 475 4404; x_wconf 85' lang='lat' dir='ltr'>Stephani</span> <span class='ocrx_word' id='word_1_352' title='bbox 503 4305 639 4398; x_wconf 78' lang='lat' dir='ltr'>Eques,</span> <span class='ocrx_word' id='word_1_353' title='bbox 680 4306 737 4378; x_wconf 89' lang='lat' dir='ltr'>cui</span> <span class='ocrx_word' id='word_1_354' title='bbox 779 4308 919 4405; x_wconf 86' lang='lat' dir='ltr'>copiosa</span> <span class='ocrx_word' id='word_1_355' title='bbox 948 4311 992 4383; x_wconf 86' lang='lat' dir='ltr'>est</span> 
     </span>
     <span class='ocr_line' id='line_1_56' title="bbox 231 4402 994 4504; baseline 0 -23"><span class='ocrx_word' id='word_1_356' title='bbox 231 4408 376 4483; x_wconf 89' lang='lat' dir='ltr'>illorum</span> <span class='ocrx_word' id='word_1_357' title='bbox 405 4405 560 4504; x_wconf 82' lang='lat' dir='ltr'>supellex</span> <span class='ocrx_word' id='word_1_358' title='bbox 585 4403 624 4476; x_wconf 92' lang='lat' dir='ltr'>in</span> <span class='ocrx_word' id='word_1_359' title='bbox 645 4402 704 4479; x_wconf 92' lang='lat' dir='ltr'>suo</span> <span class='ocrx_word' id='word_1_360' title='bbox 727 4410 888 4481; x_wconf 89' lang='lat' dir='ltr'>Romano</span> <span class='ocrx_word' id='word_1_361' title='bbox 909 4412 994 4492; x_wconf 87' lang='lat' dir='ltr'>Mu-</span> 
     </span>
     <span class='ocr_line' id='line_1_57' title="bbox 231 4507 994 4606; baseline -0.001 -25"><span class='ocrx_word' id='word_1_362' title='bbox 231 4507 312 4596; x_wconf 90' lang='lat' dir='ltr'>seo,</span> <span class='ocrx_word' id='word_1_363' title='bbox 349 4511 447 4605; x_wconf 90' lang='lat' dir='ltr'>plura</span> <span class='ocrx_word' id='word_1_364' title='bbox 482 4532 548 4606; x_wconf 89' lang='lat' dir='ltr'>ego</span> <span class='ocrx_word' id='word_1_365' title='bbox 583 4532 654 4577; x_wconf 91' lang='lat' dir='ltr'>non</span> <span class='ocrx_word' id='word_1_366' title='bbox 692 4507 806 4579; x_wconf 78' lang='lat' dir='ltr'>adde.</span> <span class='ocrx_word' id='word_1_367' title='bbox 848 4510 994 4585; x_wconf 76' lang='lat' dir='ltr'>Leblori</span> 
     </span>
     <span class='ocr_line' id='line_1_58' title="bbox 232 4607 997 4707; baseline 0.003 -27"><span class='ocrx_word' id='word_1_368' title='bbox 232 4626 350 4680; x_wconf 89' lang='lat' dir='ltr'>tamen</span> <span class='ocrx_word' id='word_1_369' title='bbox 370 4634 441 4693; x_wconf 82' lang='lat' dir='ltr'>rern</span> <span class='ocrx_word' id='word_1_370' title='bbox 462 4629 596 4707; x_wconf 83' lang='lat' dir='ltr'>gratam</span> <span class='ocrx_word' id='word_1_371' title='bbox 616 4607 789 4681; x_wconf 74' lang='lat' dir='ltr'>labiorum</span> <span class='ocrx_word' id='word_1_372' title='bbox 812 4638 866 4683; x_wconf 90' lang='lat' dir='ltr'>me</span> <span class='ocrx_word' id='word_1_373' title='bbox 895 4638 997 4698; x_wconf 88' lang='lat' dir='ltr'>reor,</span> 
     </span>
     <span class='ocr_line' id='line_1_59' title="bbox 232 4708 995 4803; baseline 0.003 -21"><span class='ocrx_word' id='word_1_374' title='bbox 232 4708 257 4781; x_wconf 83' lang='lat' dir='ltr'>st</span> <span class='ocrx_word' id='word_1_375' title='bbox 284 4710 458 4782; x_wconf 83' lang='lat' dir='ltr'>Tabulam</span> <span class='ocrx_word' id='word_1_376' title='bbox 487 4711 759 4791; x_wconf 89' lang='lat' dir='ltr'>Nummariam,</span> <span class='ocrx_word' id='word_1_377' title='bbox 788 4711 995 4803; x_wconf 79' lang='lat' dir='ltr'>prolufionis</span> 
     </span>
     <span class='ocr_line' id='line_1_60' title="bbox 233 4809 996 4909; baseline -0.003 -25"><span class='ocrx_word' id='word_1_378' title='bbox 233 4813 314 4884; x_wconf 90' lang='lat' dir='ltr'>loco</span> <span class='ocrx_word' id='word_1_379' title='bbox 340 4809 383 4881; x_wconf 89' lang='lat' dir='ltr'>ab</span> <span class='ocrx_word' id='word_1_380' title='bbox 409 4833 451 4880; x_wconf 92' lang='lat' dir='ltr'>eo</span> <span class='ocrx_word' id='word_1_381' title='bbox 479 4810 548 4904; x_wconf 84' lang='lat' dir='ltr'>jam</span> <span class='ocrx_word' id='word_1_382' title='bbox 576 4809 707 4909; x_wconf 75' lang='lat' dir='ltr'>editam</span> <span class='ocrx_word' id='word_1_383' title='bbox 738 4810 827 4884; x_wconf 86' lang='lat' dir='ltr'>inlra</span> <span class='ocrx_word' id='word_1_384' title='bbox 852 4813 920 4884; x_wconf 90' lang='lat' dir='ltr'>huc</span> <span class='ocrx_word' id='word_1_385' title='bbox 942 4812 996 4885; x_wconf 91' lang='lat' dir='ltr'>in-</span> 
     </span>
     <span class='ocr_line' id='line_1_61' title="bbox 234 4909 996 5012; baseline -0.003 -27"><span class='ocrx_word' id='word_1_386' title='bbox 234 4912 370 4996; x_wconf 83' lang='lat' dir='ltr'>seram,</span> <span class='ocrx_word' id='word_1_387' title='bbox 407 4926 446 4978; x_wconf 91' lang='lat' dir='ltr'>ut</span> <span class='ocrx_word' id='word_1_388' title='bbox 485 4909 559 5005; x_wconf 84' lang='lat' dir='ltr'>ejus</span> <span class='ocrx_word' id='word_1_389' title='bbox 594 4911 722 5004; x_wconf 86' lang='lat' dir='ltr'>Operis</span> <span class='ocrx_word' id='word_1_390' title='bbox 749 4933 996 5012; x_wconf 87' lang='lat' dir='ltr'>argumentum</span> 
     </span>
    </p>
   </div>
   <div class='ocr_carea' id='block_1_22' title="bbox 233 5007 995 5189">
    <p class='ocr_par' dir='ltr' id='par_1_24' title="bbox 233 5007 995 5189">
     <span class='ocr_line' id='line_1_62' title="bbox 233 5007 995 5189; baseline 0.001 -104"><span class='ocrx_word' id='word_1_391' title='bbox 233 5035 368 5189; x_wconf 59' lang='lat' dir='ltr'>matuge</span> <span class='ocrx_word' id='word_1_392' title='bbox 395 5007 431 5080; x_wconf 93' lang='lat' dir='ltr'>in</span> <span class='ocrx_word' id='word_1_393' title='bbox 439 5007 645 5180; x_wconf 45' lang='lat' dir='ltr'>&#39;coulpeslu</span> <span class='ocrx_word' id='word_1_394' title='bbox 671 5009 866 5098; x_wconf 87' lang='lat' dir='ltr'>habeatur,</span> <span class='ocrx_word' id='word_1_395' title='bbox 897 5014 995 5088; x_wconf 91' lang='lat' dir='ltr'>addi·</span> 
     </span>
     <span class='ocr_line' id='line_1_63' title="bbox 361 5136 479 5182; baseline 0.008 -1"><span class='ocrx_word' id='word_1_396' title='bbox 361 5136 418 5182; x_wconf 83' lang='lat' dir='ltr'>an.</span> <span class='ocrx_word' id='word_1_397' title='bbox 467 5160 479 5182; x_wconf 88' lang='lat'><strong>.</strong></span> 
     </span>
    </p>
   </div>
   <div class='ocr_carea' id='block_1_23' title="bbox 1099 4001 1867 4080">
    <p class='ocr_par' dir='ltr' id='par_1_25' title="bbox 1099 4001 1867 4080">
     <span class='ocr_line' id='line_1_64' title="bbox 1099 4001 1867 4080; baseline 0.013 -10"><span class='ocrx_word' id='word_1_398' title='bbox 1099 4001 1170 4071; x_wconf 83' lang='grc' dir='ltr'>ΕΡ.</span> <span class='ocrx_word' id='word_1_399' title='bbox 1209 4002 1448 4074; x_wconf 84' lang='lat' dir='ltr'>PAPITIVS.</span> <span class='ocrx_word' id='word_1_400' title='bbox 1497 4001 1573 4076; x_wconf 89' lang='lat' dir='ltr'>Hic</span> <span class='ocrx_word' id='word_1_401' title='bbox 1630 4004 1867 4080; x_wconf 87' lang='lat' dir='ltr'>Numismatis</span> 
     </span>
    </p>
   </div>
   <div class='ocr_carea' id='block_1_24' title="bbox 1071 4098 1866 4202">
    <p class='ocr_par' dir='ltr' id='par_1_26' title="bbox 1071 4098 1866 4202">
     <span class='ocr_line' id='line_1_65' title="bbox 1071 4098 1866 4202; baseline 0.008 -27"><span class='ocrx_word' id='word_1_402' title='bbox 1071 4098 1222 4175; x_wconf 71' lang='lat' dir='ltr'>:aanor</span> <span class='ocrx_word' id='word_1_403' title='bbox 1258 4102 1424 4176; x_wconf 84' lang='lat' dir='ltr'>videtur.</span> <span class='ocrx_word' id='word_1_404' title='bbox 1467 4102 1504 4177; x_wconf 85' lang='lat' dir='ltr'>Si</span> <span class='ocrx_word' id='word_1_405' title='bbox 1543 4102 1622 4202; x_wconf 84' lang='lat' dir='ltr'>quis</span> <span class='ocrx_word' id='word_1_406' title='bbox 1649 4107 1866 4200; x_wconf 85' lang='lat' dir='ltr'>contendat,</span> 
     </span>
    </p>
   </div>
   <div class='ocr_carea' id='block_1_25' title="bbox 1097 4199 1907 5205">
    <p class='ocr_par' dir='ltr' id='par_1_27' title="bbox 1097 4199 1907 5205">
     <span class='ocr_line' id='line_1_66' title="bbox 1099 4199 1868 4302; baseline 0.012 -32"><span class='ocrx_word' id='word_1_407' title='bbox 1099 4199 1268 4299; x_wconf 83' lang='lat' dir='ltr'>defignari</span> <span class='ocrx_word' id='word_1_408' title='bbox 1285 4205 1471 4293; x_wconf 84' lang='lat' dir='ltr'>Johannem</span> <span class='ocrx_word' id='word_1_409' title='bbox 1497 4207 1688 4302; x_wconf 80' lang='lat' dir='ltr'>Episcopum</span> <span class='ocrx_word' id='word_1_410' title='bbox 1726 4208 1868 4280; x_wconf 85' lang='lat' dir='ltr'>Foroli·</span> 
     </span>
     <span class='ocr_line' id='line_1_67' title="bbox 1100 4299 1868 4398; baseline 0.023 -34"><span class='ocrx_word' id='word_1_411' title='bbox 1100 4299 1276 4380; x_wconf 82' lang='lat' dir='ltr'>viensem,</span> <span class='ocrx_word' id='word_1_412' title='bbox 1318 4305 1382 4398; x_wconf 85' lang='lat' dir='ltr'>qui</span> <span class='ocrx_word' id='word_1_413' title='bbox 1419 4307 1544 4397; x_wconf 79' lang='lat' dir='ltr'>epdem</span> <span class='ocrx_word' id='word_1_414' title='bbox 1580 4310 1691 4380; x_wconf 89' lang='lat' dir='ltr'>Anno</span> <span class='ocrx_word' id='word_1_415' title='bbox 1733 4305 1868 4382; x_wconf 84' lang='lat' dir='ltr'>Christi</span> 
     </span>
     <span class='ocr_line' id='line_1_68' title="bbox 1098 4400 1907 4511; baseline 0.011 -38"><span class='ocrx_word' id='word_1_416' title='bbox 1098 4403 1449 4497; x_wconf 74' lang='lat' dir='ltr'>Mccccv11.eaaa</span> <span class='ocrx_word' id='word_1_417' title='bbox 1460 4400 1681 4479; x_wconf 79' lang='lat' dir='ltr'>Cathedram</span> <span class='ocrx_word' id='word_1_418' title='bbox 1702 4409 1883 4511; x_wconf 55' lang='lat' dir='ltr'>tenebat,</span> <span class='ocrx_word' id='word_1_419' title='bbox 1904 4422 1907 4429; x_wconf 87' lang='lat'>&#39;</span> 
     </span>
     <span class='ocr_line' id='line_1_69' title="bbox 1099 4500 1867 4607; baseline 0.013 -34"><span class='ocrx_word' id='word_1_420' title='bbox 1099 4528 1160 4593; x_wconf 90' lang='lat' dir='ltr'>per</span> <span class='ocrx_word' id='word_1_421' title='bbox 1186 4527 1241 4574; x_wconf 87' lang='lat' dir='ltr'>me</span> <span class='ocrx_word' id='word_1_422' title='bbox 1268 4500 1422 4586; x_wconf 89' lang='lat' dir='ltr'>licebit,</span> <span class='ocrx_word' id='word_1_423' title='bbox 1448 4504 1535 4577; x_wconf 84' lang='lat' dir='ltr'>dunt</span> <span class='ocrx_word' id='word_1_424' title='bbox 1563 4507 1744 4605; x_wconf 87' lang='lat' dir='ltr'>explicet,</span> <span class='ocrx_word' id='word_1_425' title='bbox 1780 4509 1867 4607; x_wconf 84' lang='lat' dir='ltr'>quid</span> 
     </span>
     <span class='ocr_line' id='line_1_70' title="bbox 1098 4599 1867 4700; baseline 0.009 -25"><span class='ocrx_word' id='word_1_426' title='bbox 1098 4599 1140 4675; x_wconf 83' lang='lat' dir='ltr'>stt</span> <span class='ocrx_word' id='word_1_427' title='bbox 1166 4602 1256 4675; x_wconf 91' lang='lat' dir='ltr'>illud</span> <span class='ocrx_word' id='word_1_428' title='bbox 1284 4606 1456 4700; x_wconf 80' lang='lat' dir='ltr'>Papirius.</span> <span class='ocrx_word' id='word_1_429' title='bbox 1490 4602 1666 4682; x_wconf 88' lang='lat' dir='ltr'>Ceterum</span> <span class='ocrx_word' id='word_1_430' title='bbox 1702 4609 1771 4684; x_wconf 93' lang='lat' dir='ltr'>erit</span> <span class='ocrx_word' id='word_1_431' title='bbox 1798 4615 1867 4683; x_wconf 83' lang='lat' dir='ltr'>Fo-</span> 
     </span>
     <span class='ocr_line' id='line_1_71' title="bbox 1097 4701 1864 4810; baseline 0.007 -33"><span class='ocrx_word' id='word_1_432' title='bbox 1097 4701 1338 4777; x_wconf 86' lang='lat' dir='ltr'>roliviensrum</span> <span class='ocrx_word' id='word_1_433' title='bbox 1376 4705 1609 4782; x_wconf 85' lang='lat' dir='ltr'>Eruditorum</span> <span class='ocrx_word' id='word_1_434' title='bbox 1651 4708 1864 4810; x_wconf 89' lang='lat' dir='ltr'>perspicere,</span> 
     </span>
     <span class='ocr_line' id='line_1_72' title="bbox 1098 4808 1865 4910; baseline 0.016 -37"><span class='ocrx_word' id='word_1_435' title='bbox 1098 4830 1203 4898; x_wconf 82' lang='lat' dir='ltr'>quare</span> <span class='ocrx_word' id='word_1_436' title='bbox 1229 4808 1337 4877; x_wconf 82' lang='lat' dir='ltr'>Circus</span> <span class='ocrx_word' id='word_1_437' title='bbox 1362 4810 1400 4876; x_wconf 82' lang='lat' dir='ltr'>de</span> <span class='ocrx_word' id='word_1_438' title='bbox 1426 4812 1647 4901; x_wconf 80' lang='lat' dir='ltr'>Ordesaphis,</span> <span class='ocrx_word' id='word_1_439' title='bbox 1674 4836 1776 4908; x_wconf 86' lang='lat' dir='ltr'>quem</span> <span class='ocrx_word' id='word_1_440' title='bbox 1803 4813 1865 4910; x_wconf 78' lang='lat' dir='ltr'>ipsa</span> 
     </span>
     <span class='ocr_line' id='line_1_73' title="bbox 1098 4904 1864 5007; baseline 0.018 -33"><span class='ocrx_word' id='word_1_441' title='bbox 1098 4904 1212 4979; x_wconf 87' lang='lat' dir='ltr'>filium</span> <span class='ocrx_word' id='word_1_442' title='bbox 1240 4907 1385 4979; x_wconf 73' lang='lat' dir='ltr'>Antonii</span> <span class='ocrx_word' id='word_1_443' title='bbox 1421 4907 1604 5007; x_wconf 90' lang='lat' dir='ltr'>Principis</span> <span class='ocrx_word' id='word_1_444' title='bbox 1640 4911 1864 4988; x_wconf 77' lang='lat' dir='ltr'>forolivien-</span> 
     </span>
     <span class='ocr_line' id='line_1_74' title="bbox 1097 5003 1864 5110; baseline 0.018 -34"><span class='ocrx_word' id='word_1_445' title='bbox 1097 5004 1157 5089; x_wconf 87' lang='lat' dir='ltr'>sts,</span> <span class='ocrx_word' id='word_1_446' title='bbox 1198 5003 1237 5079; x_wconf 73' lang='grc' dir='ltr'>ἃ</span> <span class='ocrx_word' id='word_1_447' title='bbox 1272 5008 1468 5081; x_wconf 73' lang='lat' dir='ltr'>catharinae</span> <span class='ocrx_word' id='word_1_448' title='bbox 1511 5014 1705 5110; x_wconf 85' lang='lat' dir='ltr'>Ranganiae</span> <span class='ocrx_word' id='word_1_449' title='bbox 1745 5012 1864 5092; x_wconf 84' lang='lat' dir='ltr'>Muti-</span> 
     </span>
     <span class='ocr_line' id='line_1_75' title="bbox 1138 5109 1813 5205; baseline 0.013 -28"><span class='ocrx_word' id='word_1_450' title='bbox 1138 5109 1173 5177; x_wconf 94' lang='lat'>0</span> <span class='ocrx_word' id='word_1_451' title='bbox 1198 5133 1221 5179; x_wconf 95' lang='grc' dir='ltr'><strong>ο</strong></span> <span class='ocrx_word' id='word_1_452' title='bbox 1327 5175 1330 5180; x_wconf 90' lang='grc'><em>.</em></span> <span class='ocrx_word' id='word_1_453' title='bbox 1681 5113 1813 5205; x_wconf 77' lang='lat' dir='ltr'>nensis,</span> 
     </span>
    </p>
   </div>
   <div class='ocr_carea' id='block_1_26' title="bbox 0 0 2128 6004">
    <p class='ocr_par' dir='ltr' id='par_1_28' title="bbox 0 0 2128 6004">
     <span class='ocr_line' id='line_1_76' title="bbox 0 0 2128 6004; baseline 0 0"><span class='ocrx_word' id='word_1_454' title='bbox 0 0 2128 6004; x_wconf 95' lang='lat' dir='ltr'> </span> 
     </span>
    </p>
   </div>
  </div>
 </body>
</html>
