4214 6014
294 348 378 432 2„
424 255 428 276 ⁴
577 317 996 440 Anrrovrr.
1040 309 1280 409 naon
1316 313 1497 410 Aarr

91 452 104 463 ‘
234 451 310 508 tum
340 432 505 510 Italicum
533 442 713 511 Albanae
738 442 923 542 quisquam
943 439 995 517 su·
1037 443 1074 515 A
1114 434 1353 521 munitiones,
1396 459 1579 540 propterea
1605 465 1677 515 non
1708 441 1790 518 illas
1818 440 1880 516 de·⁴

230 534 444 632 spicabitur,
467 537 560 637 quast
580 541 739 631 diesin,
761 542 830 618 five
851 548 997 637 Abaeir,

230 640 414 721 Demsiri,
450 640 577 716 italice
603 645 863 739 Dissabbricere,
902 648 997 748 quod

231 758 396 841 corrupte
422 741 461 816 in
487 748 667 818 Abbartere
706 746 879 823 evaserit.
923 755 996 827 Ne-

231 867 301 938 que
336 846 433 917 enim
470 871 490 917 a
530 853 670 920 Bateeee
704 848 774 924 five
807 856 997 925 Adhaeuere

127 1026 133 1033 q
231 939 369 1020 Latino
414 946 551 1045 (quod
593 950 729 1025 censuit
767 956 996 1057 Menagius)
1048 1015 1057 1034 .

231 1046 302 1121 rite
338 1049 406 1145 hoc
441 1053 653 1126 vocabulum
694 1055 857 1131 videatur
887 1061 996 1132 dedu·
1029 1124 1030 1129 ,

231 1147 351 1224 blunt.
401 1159 541 1227 Betaere
588 1155 633 1228 est
673 1157 850 1231 Pernen
880 1160 996 1251 lotia,

230 1278 350 1350 pugno
378 1251 449 1328 &o
488 1282 667 1356 nunquam
699 1267 783 1335 verb
808 1262 997 1353 prosternere

1704 327 1822 438 fni
1865 419 1869 425 .

1110 537 1261 612 decuisse
1285 545 1420 614 Sreeeaei
1456 569 1607 618 nomen.
1648 543 1689 619 In
1718 542 1881 619 Historia

1109 639 1301 714 obfidionis
1327 643 1514 730 Jaderensrs
1540 645 1578 718 in
1606 649 1808 746 Appendic.
1833 641 1882 720 ad

1110 743 1241 816 Htslor.
1264 746 1421 817 Dalmat.
1440 747 1548 820 Lucii
1575 749 1725 848 legitur:
1764 755 1885 846 Quane

1110 846 1219 916 Italici
1233 847 1289 916 U
1317 849 1522 944 Langobardi
1560 851 1750 942 Bullidum,
1787 857 1882 925 Dat·

1109 948 1220 1018 metiri
1259 949 1303 1018 (9⁹
1341 950 1477 1021 chroan‘
1516 953 1675 1024 Seiraeem
1713 955 1882 1050 appellare

1108 1050 1352 1138 mulueuerunt.
1379 1052 1439 1124 Ab
1467 1049 1535 1125 hoc
1561 1072 1678 1127 antem
1698 1056 1909 1132 vocabule.

1110 1152 1235 1224 Italica
1255 1154 1364 1225 altera
1383 1180 1456 1226 vox
1477 1153 1636 1228 derivata
1657 1154 1725 1245 est,
1749 1182 1877 1256 nempe

1109 1252 1277 1339 Ballione.
1319 1259 1492 1329 Attamen
1520 1256 1616 1330 aliud
1645 1257 1682 1330 in
1710 1284 1748 1331 re
1775 1257 1875 1349 mili·

230 1351 426 1450 fignificat.
450 1360 553 1432 Hanc
580 1379 696 1434 aurem
725 1365 995 1465 Etymologiam
1042 1356 1072 1427 B
1108 1354 1176 1426 tari
1204 1353 1274 1427 fuit
1299 1361 1458 1448 Stercuto,
1486 1358 1583 1431 aliud
1611 1359 1751 1446 Ballio.
1779 1358 1876 1437 Vide

230 1451 429 1555 Hispanica
471 1458 613 1560 Lingua
653 1463 861 1540 confirmare
898 1466 996 1539 vide·

228 1572 311 1638 tur,
350 1557 389 1631 in
416 1574 484 1657 qua
509 1567 636 1637 Abatir
661 1565 755 1639 idem
792 1567 839 1641 est
864 1593 904 1641 ac
930 1592 996 1640 no-

229 1655 335 1732 strum
376 1669 584 1755 abbanem
622 1669 656 1739 ἃ
693 1667 846 1766 Hispani
873 1671 996 1740 bombre

1108 1454 1302 1528 Historiam
1324 1460 1532 1533 Patavinam
1548 1465 1778 1535 Gattarorum
1795 1464 1875 1537 To·

1107 1581 1167 1629 mo
1186 1561 1304 1631 xvn.
1328 1563 1406 1635 Rer.
1428 1563 1582 1639 Italicae.
1601 1589 1678 1663 pag.
1703 1568 1782 1640 186.
1806 1567 1873 1639 Pa·

1105 1679 1244 1734 raverat
1272 1659 1475 1739 franciscos
1501 1662 1731 1741 carraeien'fis
1759 1665 1873 1741 senior

227 1762 379 1833 Abarin
414 1768 617 1863 appellant,
658 1794 763 1862 quern
805 1796 869 1842 nos
909 1797 996 1841 nomo
1103 1760 1143 1834 in
1170 1760 1333 1838 Civitate
1363 1768 1503 1840 Patavii
1524 1790 1765 1868 quaecumque
1783 1793 1872 1867 opus

228 1864 415 1935 dilatrare
440 1865 613 1941 dicimus.
655 1872 764 1964 Quod
805 1872 849 1945 de
878 1871 994 1945 nostro

227 1969 409 2037 Abbaeeere
434 1966 536 2051 dixi,
573 1969 667 2044 idem
695 1972 737 2046 de
763 1972 908 2046 Gallice
937 1982 988 2046 A·

227 2063 320 2138 barre
345 2066 509 2170 suspicari
539 2071 667 2147 liceat.
697 2080 790 2149 Nam
817 2077 852 2149 8<
880 2076 993 2150 adbuc

228 2168 329 2242 Galli
354 2171 482 2245 odietis
507 2200 595 2248 vore
621 2193 792 2270 utuntur,
820 2177 861 2251 ad
889 2176 992 2276 signi·

1106 1882 1206 1937 erant
1231 1864 1274 1937 ad
1302 1865 1558 1942 conficiendam
1588 1872 1766 1956 Ballitaem.
1792 1874 1872 1945 Sta·

1059 2027 1067 2041 ,
1105 1967 1184 2065 tuti
1219 1966 1276 2040 die
1313 1968 1486 2066 (caritate
1518 1975 1554 2043 sa
1587 1971 1702 2058 Bastia
1736 1973 1833 2068 sopra
1861 1971 1877 2044 ἱ

1105 2068 1221 2167 terti)
1262 2068 1362 2167 super
1399 2069 1582 2170 ingentem
1624 2073 1760 2173 copiam
1791 2094 1878 2147 eur*

1105 2195 1207 2244 ruunt
1235 2170 1333 2271 ligna
1359 2176 1481 2249 omnia
1508 2176 1550 2249 ad
1577 2178 1707 2257 locum·
1724 2173 1882 2269 destina-⁴

228 2267 413 2347 litandum
436 2275 601 2351 Italicum
622 2283 994 2380 Albanim,10‚fgo
1032 2265 1067 2342 C
1105 2288 1180 2344 tum
1232 2276 1405 2365 advexit,
1455 2297 1561 2375 arque
1606 2275 1787 2352 celeritate
1827 2301 1889 2351 ac.

227 2375 324 2449 nihil
350 2376 521 2451 decerno.
547 2381 654 2473 Quod
682 2401 798 2455 autem
820 2401 892 2455 tam
916 2386 990 2456 Du-

228 2477 409 2576 Cangius,
424 2484 541 2578 ,quina
564 2485 753 2573 Menagius
773 2482 991 2565 censuerint,

228 2581 360 2667 Bastiae
399 2582 544 2656 nomine
582 2581 768 2683 significari
808 2612 870 2656 uno
904 2591 990 2655 Seec-

226 2697 319 2762 deto,
360 2681 576 2756 idminime
602 2687 824 2779 culpandum·
851 2686 888 2757 in
919 2685 990 2757 iis.

159 2799 160 2802 ’
228 2784 327 2855 Idem
356 2781 486 2853 sensere
521 2782 629 2853 etiam
656 2783 859 2856 florentini
896 2788 990 2857 Aca-

224 2879 355 2954 demici
382 2880 421 2953 in
449 2881 690 2955 vocabulario
724 2887 812 2956 della
847 2885 994 2979 Crustu.

222 2982 289 3058 Sed
324 2983 368 3057 ab
403 2980 449 3056 iis
475 2983 642 3059 omnibus
677 3010 798 3087 parunt
836 2989 989 3087 apposite

223 3085 401 3183 explicata
428 3085 473 3159 esl
502 3085 555 3160 vis
582 3088 682 3161 vocis
708 3088 830 3162 illius.
872 3091 990 3188 Ajunt

1103 2373 1208 2471 operi
1227 2369 1436 2451 'incredibili
1466 2378 1668 2468 artificum,
1709 2376 1878 2453 exercitu·

1103 2500 1167 2548 eos*
1191 2496 1421 2576 protegente,
1450 2483 1578 2554 Arcem
1607 2481 1658 2554 ibi
1681 2478 1879 2555 locandam·-

1103 2577 1266 2649 curavit.
1310 2582 1363 2652 Ita
1404 2581 1441 2652 in
1482 2582 1665 2655 Chronico
1695 2577 1882 2654 Parmenst‘

1103 2678 1223 2747 Tomo
1253 2681 1313 2749 1x.
1346 2686 1424 2750 Rer.
1459 2678 1612 2753 Italicae.
1648 2682 1689 2754 ad
1722 2685 1876 2755 Annum'

1102 2778 1330 2850 MCCXCV.
1377 2780 1659 2856 Mediolanenses
1699 2782 1881 2858 dicuntur*

1102 2879 1295 2952 condidisse
1321 2887 1478 2977 quoddam
1504 2885 1650 2971 Castrum
1693 2888 1732 2955 de
1758 2886 1871 2978 signa·

1101 2981 1185 3051 mine
1219 2984 1253 3053 in
1283 2987 1391 3082 Laude
1419 2989 1543 3058 Veecbie
1581 3012 1690 3059 eoem
1714 2988 1870 3079 volunta-

1102 3103 1163 3152 tem
1176 3077 1396 3167 'leadeefium
1416 3089 1461 3175 Q·
1478 3089 1750 3174 Cremonensem,
1771 3091 1884 3179 valde'

222 3188 341 3262 enirn:
380 3187 519 3272 Bastia.
558 3195 718 3278 stercore,
761 3192 868 3280 ripere
905 3191 990 3280 sarra
1032 3186 1065 3254 D
1101 3209 1273 3277 magnam,
1328 3186 1371 3253 θ
1417 3190 1605 3258 »amabiliter
1640 3190 1836 3277 fabricatum
1856 3195 1883 3266 .'·

224 3286 438 3360 intereresse
463 3291 577 3379 Cirr),
618 3316 636 3360 o
670 3291 808 3381 alerciri,
844 3294 988 3384 tempesto

221 3391 449 3488 di‘segeeme,
481 3393 576 3486 [effi.
604 3414 716 3474 terra,
750 3418 768 3463 a
796 3393 899 3479 fimis
918 3423 985 3468 me·

220 3489 323 3569 teria'.
351 3494 405 3566 At
426 3493 520 3567 nibil
540 3494 635 3568 aliud
657 3493 798 3569 suerunt
818 3496 985 3583 Ballirae,

179 3629 182 3634 ·
219 3598 324 3694 palm
354 3594 486 3695 species
511 3596 681 3695 quaedam
709 3601 870 3689 castelli,
916 3596 998 3699 stne⁸

218 3697 344 3786 Aeris,
384 3699 416 3769 br
446 3701 593 3788 norbae,
633 3719 679 3774 e'rr
714 3699 815 3800 ligno
841 3694 991 3801 compal-

217 3795 317 3881 iiae,
344 3792 412 3872 boc
438 3799 509 3884 eli,
536 3827 555 3875 e
582 3804 712 3878 tabulis
739 3800 784 3876 dd
802 3803 913 3904 tignis
934 3800 997 3876 as·

216 3899 313 3975 sebee
340 3900 598 4004 compaginatis
639 3903 829 3979 fabricatae
858 3905 873 3998 (
900 3904 985 3977 ideli

1102 3286 1183 3356 Hoc
1212 3285 1504 3371 nomindssalliee
1524 3283 1758 3387 significatur.
1782 3276 1881 3383 Por-J

1102 3386 1225 3459 dellius
1254 3389 1336 3462 le.
1359 3413 1395 3484 q.
1414 3384 1658 3464 Commentair.
1681 3417 1758 3493 pag.
1783 3393 1876 3488 ι’46.·ι

1100 3489 1231 3562 Tomi.
1249 3492 1487 3566 XX.2.Reru‘m
1527 3489 1681 3569 italicar.
1712 3518 1869 3570 comme·

1102 3612 1218 3664 morat
1232 3593 1384 3679 Callode
1408 3622 1447 3665 ee
1466 3597 1622 3668 bitumine
1642 3596 1690 3677 (φ
1715 3593 1872 3689 efferibrer

1097 3692 1277 3780 fabricata,
1313 3723 1393 3792 qnae
1428 3694 1602 3770 lombardi
1636 3701 1781 3787 Bastitas
1805 3725 1866 3771 va

1099 3815 1193 3870 cant.
1232 3796 1393 3873 Arduum
1421 3814 1537 3872 aurem
1567 3803 1750 3899 negotium
1779 3817 1877 3877 tunc·

1098 3914 1195 3977 erat,
1236 3899 1454 3972 munitiones
1480 3900 1653 3998 ejusmodi
1680 3901 1865 3999 superare,

215 4001 361 4074 Gallico
388 4002 545 4074 sermone
578 4007 701 4088 Bastles
720 4007 736 4100 )
756 4007 983 4101 plerumque
1099 4016 1159 4069 aut
1187 3996 1228 4069 ad
1255 3996 1474 4074 deditionem
1496 4026 1756 4105 cogereearum
1782 4029 1864 4099 pro·

217 4101 352 4175 circum
380 4101 535 4199 aliquam
563 4102 708 4173 domum
737 4102 800 4175 abt
828 4107 983 4187 domos,
1022 4097 1052 4170 E
1098 4119 1339 4200 pugnatores,
1384 4103 1479 4176 dum⁴
1510 4106 1630 4181 virilia
1671 4105 1783 4180 animi
1823 4102 1864 4184 ἂ

215 4223 278 4279 aut
303 4200 395 4276 circa
423 4198 650 4285 turrim,·&'
666 4204 717 4277 ad
735 4200 848 4305 ripam
878 4204 981 4282 fluv‘ii

98 4389 100 4394 7
214 4324 277 4382 aut
311 4305 444 4382 canalia
493 4306 643 4406 alicujus
686 4306 854 4406 locatae,
896 4320 981 4410 'quas
1024 4334 1026 4339 ·

212 4405 298 4483 solia
326 4406 529 4490 ambiebat,
548 4402 690 4483 ‘vallum
718 4408 758 4486 ἂ
784 4430 977 4513 propugna-

211 4511 292 4585 cula
328 4506 568 4609 prominentia
593 4510 634 4584 in
666 4516 813 4615 'angulis
842 4515 980 4591 munie-

210 4611 316 4688 bant.
357 4614 414 4687 Ibi
451 4610 708 4689 instruebantur
745 4618 882 4720 ligneae
916 4621 981 4693 do·

209 4713 363 4799 mus,s1
392 4715 576 4816 terentiae
596 4715 768 4810 deerant,
808 4718 849 4794 ad
879 4722 979 4795 mili·
1022 4736 1024 4744 '

208 4815 284 4890 tuih
304 4815 517 4918 :praefidium
532 4843 564 4913 ‚²
584 4813 683 4896 arma
724 4836 763 4896 'ae
800 4848 977 4898 annonam

207 4911 408 4997 servandam
446 4943 688 5022 opportunae.
730 4930 858 4999 Fateor
897 4927 978 5022 qui·

204 5013 308 5145 dem,
343 5046 452 5117 quum
479 5021 621 5127 ligedie
660 5018 780 5100 sereni
803 5023 990 5126 ejusmodi¹
1022 5083 1025 5089 .

45 5386 227 5648 ‘l

1097 4225 1315 4278 commeatus
1355 4204 1479 4301 inopid
1519 4233 1588 4281 non
1633 4211 1860 4307 laborarent3

1097 4300 1152 4376 ἂ·
1179 4305 1378 4404 praesertim
1404 4308 1444 4381 'st
1487 4313 1616 4382 Arcem
1649 4307 1731 4378 fitus
1757 4304 1878 4400 ipsrua'

1096 4404 1289 4501 difficultas
1313 4411 1477 4509 juvaret.
1513 4404 1573 4480 Ue
1607 4405 1712 4479 babet
1739 4405 1882 4485 Hisbo-2

1095 4506 1148 4582 ria
1174 4508 1448 4585 Mutinensia&
1485 4506 1740 4592 Bononienfis,
1777 4510 1865 4588 Bet·

1096 4614 1204 4685 naboe
1232 4615 1462 4701 vicecomes,
1499 4611 1777 4696 Bononiensibus
1805 4613 1876 4709 ins,

1095 4710 1217 4792 sellus,
1242 4712 1327 4783 duas
1354 4707 1496 4812 ie'agro
1519 4715 1710 4790 Mutinensi
1732 4712 1873 4793 exslru?

1074 4815 1151 4898 ,xit
1177 4811 1346 4888 Baslitaa.
1385 4819 1469 4891 Non
1507 4816 1611 4892 semel
1640 4821 1677 4893 in
1704 4847 1762 4894 eas
1789 4823 1862 4894 Βο-

1093 4913 1312 4988 nonienstum
1341 4918 1433 4992 acies
1461 4921 1663 4996 numerosae
1683 4922 1861 5023 impetum

1093 5016 1226 5103 secere,
1252 5019 1309 5094 sed
1335 5020 1441 5105 irrito
1460 5022 1593 5126 semper
1614 5045 1762 5139 conatu.
1790 5026 1881 5094 Re··

1711 5138 1806 5199 treet
