<?xml version="1.0" encoding="UTF-8"?>
<!DOCTYPE html PUBLIC "-//W3C//DTD XHTML 1.0 Transitional//EN"
    "http://www.w3.org/TR/xhtml1/DTD/xhtml1-transitional.dtd">
<html xmlns="http://www.w3.org/1999/xhtml" xml:lang="en" lang="en">
 <head>
  <title>
</title>
<meta http-equiv="Content-Type" content="text/html;charset=utf-8" />
  <meta name='ocr-system' content='tesseract 3.04.00' />
  <meta name='ocr-capabilities' content='ocr_page ocr_carea ocr_par ocr_line ocrx_word'/>
</head>
<body>
  <div class='ocr_page' id='page_1' title='image "./antiquitatesita00muragoog_0335.png"; bbox 0 0 4214 6014; ppageno 0'>
   <div class='ocr_carea' id='block_1_1' title="bbox 397 315 1912 516">
    <p class='ocr_par' dir='ltr' id='par_1_1' title="bbox 397 315 1912 516">
     <span class='ocr_line' id='line_1_1' title="bbox 397 315 1912 516; baseline 0.006 -36"><span class='ocrx_word' id='word_1_1' title='bbox 397 315 484 503; x_wconf 68' lang='lat' dir='ltr'>i„</span> <span class='ocrx_word' id='word_1_2' title='bbox 593 384 1649 507; x_wconf 41' lang='lat' dir='ltr'>*surroornaraorrxaor</span> <span class='ocrx_word' id='word_1_3' title='bbox 1823 430 1912 516; x_wconf 60' lang='grc' dir='ltr'>,ω</span> 
     </span>
    </p>
   </div>
   <div class='ocr_carea' id='block_1_2' title="bbox 387 504 1970 615">
    <p class='ocr_par' dir='ltr' id='par_1_2' title="bbox 387 504 1970 615">
     <span class='ocr_line' id='line_1_2' title="bbox 387 504 1970 615; baseline 0.006 -33"><span class='ocrx_word' id='word_1_4' title='bbox 387 504 568 604; x_wconf 69' lang='lat' dir='ltr'>Quinbius</span> <span class='ocrx_word' id='word_1_5' title='bbox 594 527 776 609; x_wconf 86' lang='lat' dir='ltr'>argenteus</span> <span class='ocrx_word' id='word_1_6' title='bbox 803 510 846 583; x_wconf 90' lang='lat' dir='ltr'>ab</span> <span class='ocrx_word' id='word_1_7' title='bbox 874 509 949 606; x_wconf 90' lang='lat' dir='ltr'>ipso</span> <span class='ocrx_word' id='word_1_8' title='bbox 976 507 1100 584; x_wconf 82' lang='lat' dir='ltr'>lauma-</span> <span class='ocrx_word' id='word_1_9' title='bbox 1135 519 1171 590; x_wconf 86' lang='lat' dir='ltr'>A</span> <span class='ocrx_word' id='word_1_10' title='bbox 1207 534 1288 580; x_wconf 73' lang='lat' dir='ltr'>nara</span> <span class='ocrx_word' id='word_1_11' title='bbox 1315 506 1556 584; x_wconf 83' lang='lat' dir='ltr'>adservatum.</span> <span class='ocrx_word' id='word_1_12' title='bbox 1599 510 1654 588; x_wconf 89' lang='lat' dir='ltr'>Ibi</span> <span class='ocrx_word' id='word_1_13' title='bbox 1682 512 1806 588; x_wconf 82' lang='lat' dir='ltr'>vifitur</span> <span class='ocrx_word' id='word_1_14' title='bbox 1833 515 1970 615; x_wconf 75' lang='lat' dir='ltr'>Aquila</span> 
     </span>
    </p>
   </div>
   <div class='ocr_carea' id='block_1_3' title="bbox 286 606 1099 1704">
    <p class='ocr_par' dir='ltr' id='par_1_3' title="bbox 286 606 1099 1704">
     <span class='ocr_line' id='line_1_3' title="bbox 336 606 1099 703; baseline 0.008 -24"><span class='ocrx_word' id='word_1_15' title='bbox 336 606 479 682; x_wconf 78' lang='lat' dir='ltr'>aiffrmo</span> <span class='ocrx_word' id='word_1_16' title='bbox 506 609 676 685; x_wconf 82' lang='lat' dir='ltr'>Mosellio</span> <span class='ocrx_word' id='word_1_17' title='bbox 703 611 794 684; x_wconf 89' lang='lat' dir='ltr'>mihi</span> <span class='ocrx_word' id='word_1_18' title='bbox 832 613 1003 703; x_wconf 86' lang='lat' dir='ltr'>traditus,</span> <span class='ocrx_word' id='word_1_19' title='bbox 1045 616 1099 685; x_wconf 82' lang='lat' dir='ltr'>A·</span> 
     </span>
     <span class='ocr_line' id='line_1_4' title="bbox 335 713 1098 811; baseline 0.007 -28"><span class='ocrx_word' id='word_1_20' title='bbox 335 713 471 804; x_wconf 87' lang='lat' dir='ltr'>quilam</span> <span class='ocrx_word' id='word_1_21' title='bbox 525 714 671 786; x_wconf 88' lang='lat' dir='ltr'>exhibet</span> <span class='ocrx_word' id='word_1_22' title='bbox 731 739 811 786; x_wconf 91' lang='lat' dir='ltr'>cum</span> <span class='ocrx_word' id='word_1_23' title='bbox 867 713 1098 811; x_wconf 82' lang='lat' dir='ltr'>inscriptione</span> 
     </span>
     <span class='ocr_line' id='line_1_5' title="bbox 334 813 1097 890; baseline 0 -6"><span class='ocrx_word' id='word_1_24' title='bbox 334 813 476 887; x_wconf 84' lang='lat' dir='ltr'><strong>BTHS.</strong></span> <span class='ocrx_word' id='word_1_25' title='bbox 504 818 691 890; x_wconf 79' lang='lat' dir='ltr'>ANTNS.</span> <span class='ocrx_word' id='word_1_26' title='bbox 720 813 888 888; x_wconf 83' lang='lat' dir='ltr'>videlicet</span> <span class='ocrx_word' id='word_1_27' title='bbox 928 816 1097 887; x_wconf 79' lang='lat' dir='ltr'>Bartholo-</span> 
     </span>
     <span class='ocr_line' id='line_1_6' title="bbox 332 913 1097 1016; baseline 0.012 -32"><span class='ocrx_word' id='word_1_28' title='bbox 332 939 459 1006; x_wconf 74' lang='lat' dir='ltr'>maeus,</span> <span class='ocrx_word' id='word_1_29' title='bbox 487 913 525 990; x_wconf 79' lang='grc' dir='ltr'>δι</span> <span class='ocrx_word' id='word_1_30' title='bbox 553 918 721 989; x_wconf 74' lang='lat' dir='ltr'>Antonius</span> <span class='ocrx_word' id='word_1_31' title='bbox 747 917 915 1016; x_wconf 74' lang='lat' dir='ltr'>scaligeri</span> <span class='ocrx_word' id='word_1_32' title='bbox 948 916 1097 1007; x_wconf 86' lang='lat' dir='ltr'>sratres,</span> 
     </span>
     <span class='ocr_line' id='line_1_7' title="bbox 332 1014 1096 1113; baseline 0.004 -25"><span class='ocrx_word' id='word_1_33' title='bbox 332 1015 396 1113; x_wconf 88' lang='lat' dir='ltr'>qui</span> <span class='ocrx_word' id='word_1_34' title='bbox 447 1021 554 1090; x_wconf 85' lang='lat' dir='ltr'>Anno</span> <span class='ocrx_word' id='word_1_35' title='bbox 601 1014 734 1092; x_wconf 78' lang='lat' dir='ltr'>Christi</span> <span class='ocrx_word' id='word_1_36' title='bbox 780 1022 1096 1093; x_wconf 81' lang='lat' dir='ltr'>Mcchxxiv.</span> 
     </span>
     <span class='ocr_line' id='line_1_8' title="bbox 333 1117 1096 1219; baseline 0.005 -30"><span class='ocrx_word' id='word_1_37' title='bbox 333 1117 617 1193; x_wconf 77' lang='lat' dir='ltr'>dominationem</span> <span class='ocrx_word' id='word_1_38' title='bbox 658 1125 818 1194; x_wconf 78' lang='lat' dir='ltr'>Veronae</span> <span class='ocrx_word' id='word_1_39' title='bbox 856 1117 1096 1219; x_wconf 83' lang='lat' dir='ltr'>susceperunt.</span> 
     </span>
     <span class='ocr_line' id='line_1_9' title="bbox 329 1216 1096 1319; baseline -0.003 -25"><span class='ocrx_word' id='word_1_40' title='bbox 329 1216 374 1294; x_wconf 92' lang='lat' dir='ltr'>In</span> <span class='ocrx_word' id='word_1_41' title='bbox 412 1219 529 1294; x_wconf 81' lang='lat' dir='ltr'>aversa</span> <span class='ocrx_word' id='word_1_42' title='bbox 558 1240 654 1318; x_wconf 94' lang='lat' dir='ltr'>parte</span> <span class='ocrx_word' id='word_1_43' title='bbox 691 1220 814 1296; x_wconf 78' lang='lat' dir='ltr'>visitur</span> <span class='ocrx_word' id='word_1_44' title='bbox 848 1220 983 1319; x_wconf 87' lang='lat' dir='ltr'>effigies</span> <span class='ocrx_word' id='word_1_45' title='bbox 1012 1220 1096 1315; x_wconf 66' lang='lat' dir='ltr'>Epi⁴</span> 
     </span>
     <span class='ocr_line' id='line_1_10' title="bbox 328 1318 1097 1414; baseline 0.004 -23"><span class='ocrx_word' id='word_1_46' title='bbox 328 1318 427 1412; x_wconf 85' lang='lat' dir='ltr'>scopi</span> <span class='ocrx_word' id='word_1_47' title='bbox 451 1349 530 1396; x_wconf 88' lang='lat' dir='ltr'>cum</span> <span class='ocrx_word' id='word_1_48' title='bbox 551 1323 667 1396; x_wconf 86' lang='lat' dir='ltr'>literis</span> <span class='ocrx_word' id='word_1_49' title='bbox 687 1327 917 1397; x_wconf 82' lang='lat' dir='ltr'>SANCTVS</span> <span class='ocrx_word' id='word_1_50' title='bbox 941 1326 1097 1414; x_wconf 86' lang='lat' dir='ltr'>ZENO,</span> 
     </span>
     <span class='ocr_line' id='line_1_11' title="bbox 331 1421 812 1499; baseline 0.008 -5"><span class='ocrx_word' id='word_1_51' title='bbox 331 1421 366 1494; x_wconf 73' lang='lat' dir='ltr'>dc</span> <span class='ocrx_word' id='word_1_52' title='bbox 395 1426 433 1497; x_wconf 91' lang='lat' dir='ltr'>in</span> <span class='ocrx_word' id='word_1_53' title='bbox 461 1423 665 1499; x_wconf 80' lang='lat' dir='ltr'>summitate</span> <span class='ocrx_word' id='word_1_54' title='bbox 692 1427 812 1498; x_wconf 87' lang='lat' dir='ltr'>Scala.</span> 
     </span>
     <span class='ocr_line' id='line_1_12' title="bbox 286 1520 1095 1625; baseline -0.004 -25"><span class='ocrx_word' id='word_1_55' title='bbox 286 1520 291 1525; x_wconf 60' lang='grc'><em>”</em></span> <span class='ocrx_word' id='word_1_56' title='bbox 384 1530 529 1601; x_wconf 85' lang='lat' dir='ltr'>Sextum</span> <span class='ocrx_word' id='word_1_57' title='bbox 563 1538 710 1603; x_wconf 79' lang='lat' dir='ltr'>&#39;aereum</span> <span class='ocrx_word' id='word_1_58' title='bbox 752 1524 843 1600; x_wconf 91' lang='lat' dir='ltr'>mihi</span> <span class='ocrx_word' id='word_1_59' title='bbox 880 1523 1095 1625; x_wconf 84' lang='lat' dir='ltr'>conspicien-</span> 
     </span>
     <span class='ocr_line' id='line_1_13' title="bbox 330 1625 1096 1704; baseline -0.001 -3"><span class='ocrx_word' id='word_1_60' title='bbox 330 1625 416 1701; x_wconf 80' lang='lat' dir='ltr'>dum</span> <span class='ocrx_word' id='word_1_61' title='bbox 452 1627 588 1704; x_wconf 89' lang='lat' dir='ltr'>obtulit</span> <span class='ocrx_word' id='word_1_62' title='bbox 630 1628 724 1704; x_wconf 88' lang='lat' dir='ltr'>idem</span> <span class='ocrx_word' id='word_1_63' title='bbox 752 1628 959 1703; x_wconf 87' lang='lat' dir='ltr'>Musellius.</span> <span class='ocrx_word' id='word_1_64' title='bbox 1000 1627 1096 1700; x_wconf 88' lang='lat' dir='ltr'>Hinc</span> 
     </span>
    </p>
   </div>
   <div class='ocr_carea' id='block_1_4' title="bbox 239 1729 1093 1810">
    <p class='ocr_par' dir='ltr' id='par_1_4' title="bbox 239 1729 1093 1810">
     <span class='ocr_line' id='line_1_14' title="bbox 239 1729 1093 1810; baseline -0.004 -8"><span class='ocrx_word' id='word_1_65' title='bbox 239 1769 243 1777; x_wconf 91' lang='lat'><em>·</em></span> <span class='ocrx_word' id='word_1_66' title='bbox 330 1731 430 1803; x_wconf 86' lang='lat' dir='ltr'>Scala</span> <span class='ocrx_word' id='word_1_67' title='bbox 457 1730 497 1805; x_wconf 90' lang='lat' dir='ltr'>in</span> <span class='ocrx_word' id='word_1_68' title='bbox 525 1758 624 1810; x_wconf 84' lang='lat' dir='ltr'>area,</span> <span class='ocrx_word' id='word_1_69' title='bbox 650 1756 731 1804; x_wconf 92' lang='lat' dir='ltr'>cum</span> <span class='ocrx_word' id='word_1_70' title='bbox 759 1729 874 1803; x_wconf 89' lang='lat' dir='ltr'>literis</span> <span class='ocrx_word' id='word_1_71' title='bbox 906 1732 1093 1803; x_wconf 81' lang='lat' dir='ltr'>BARTO·</span> 
     </span>
    </p>
   </div>
   <div class='ocr_carea' id='block_1_5' title="bbox 327 1827 1097 2338">
    <p class='ocr_par' dir='ltr' id='par_1_5' title="bbox 327 1827 1097 2338">
     <span class='ocr_line' id='line_1_15' title="bbox 328 1827 1097 1906; baseline -0.007 0"><span class='ocrx_word' id='word_1_72' title='bbox 328 1833 557 1906; x_wconf 79' lang='lat' dir='ltr'>LOMEVS:</span> <span class='ocrx_word' id='word_1_73' title='bbox 597 1830 679 1904; x_wconf 91' lang='lat' dir='ltr'>inde</span> <span class='ocrx_word' id='word_1_74' title='bbox 704 1827 807 1905; x_wconf 82' lang='lat' dir='ltr'>Crux</span> <span class='ocrx_word' id='word_1_75' title='bbox 835 1831 872 1902; x_wconf 91' lang='lat' dir='ltr'>in</span> <span class='ocrx_word' id='word_1_76' title='bbox 910 1835 1018 1903; x_wconf 88' lang='lat' dir='ltr'>altera</span> <span class='ocrx_word' id='word_1_77' title='bbox 1045 1827 1097 1902; x_wconf 89' lang='lat' dir='ltr'>sa·</span> 
     </span>
     <span class='ocr_line' id='line_1_16' title="bbox 328 1924 1007 2030; baseline 0.001 -26"><span class='ocrx_word' id='word_1_78' title='bbox 328 1931 408 2021; x_wconf 88' lang='lat' dir='ltr'>eie,</span> <span class='ocrx_word' id='word_1_79' title='bbox 437 1929 476 2007; x_wconf 75' lang='grc' dir='ltr'>δι</span> <span class='ocrx_word' id='word_1_80' title='bbox 499 1924 689 2030; x_wconf 61' lang='lat' dir='ltr'>&#39;inscriptio</span> <span class='ocrx_word' id='word_1_81' title='bbox 719 1936 1007 2006; x_wconf 79' lang='lat' dir='ltr'><strong>ANTONIVS.</strong></span> 
     </span>
     <span class='ocr_line' id='line_1_17' title="bbox 357 2032 1097 2133; baseline -0.001 -25"><span class='ocrx_word' id='word_1_82' title='bbox 357 2038 580 2133; x_wconf 67' lang='lat' dir='ltr'>Septimum</span> <span class='ocrx_word' id='word_1_83' title='bbox 609 2053 813 2132; x_wconf 88' lang='lat' dir='ltr'>argenteum</span> <span class='ocrx_word' id='word_1_84' title='bbox 835 2033 910 2108; x_wconf 81' lang='lat' dir='ltr'>vidi</span> <span class='ocrx_word' id='word_1_85' title='bbox 933 2032 1097 2108; x_wconf 87' lang='lat' dir='ltr'>Mutinae</span> 
     </span>
     <span class='ocr_line' id='line_1_18' title="bbox 330 2135 1092 2236; baseline -0.001 -26"><span class='ocrx_word' id='word_1_86' title='bbox 330 2135 423 2235; x_wconf 88' lang='lat' dir='ltr'>apud</span> <span class='ocrx_word' id='word_1_87' title='bbox 452 2139 599 2210; x_wconf 82' lang='lat' dir='ltr'>Paulum</span> <span class='ocrx_word' id='word_1_88' title='bbox 629 2137 831 2236; x_wconf 83' lang='lat' dir='ltr'>Seghicium</span> <span class='ocrx_word' id='word_1_89' title='bbox 859 2136 1017 2209; x_wconf 89' lang='lat' dir='ltr'>nobilem</span> <span class='ocrx_word' id='word_1_90' title='bbox 1040 2136 1092 2209; x_wconf 86' lang='lat' dir='ltr'>vi·</span> 
     </span>
     <span class='ocr_line' id='line_1_19' title="bbox 327 2236 1096 2338; baseline -0.005 -26"><span class='ocrx_word' id='word_1_91' title='bbox 327 2261 431 2315; x_wconf 88' lang='lat' dir='ltr'>tum.</span> <span class='ocrx_word' id='word_1_92' title='bbox 458 2237 512 2311; x_wconf 84' lang='lat' dir='ltr'>lbi</span> <span class='ocrx_word' id='word_1_93' title='bbox 540 2236 642 2312; x_wconf 92' lang='lat' dir='ltr'>Crux</span> <span class='ocrx_word' id='word_1_94' title='bbox 672 2263 751 2310; x_wconf 88' lang='lat' dir='ltr'>curn</span> <span class='ocrx_word' id='word_1_95' title='bbox 777 2236 1032 2338; x_wconf 75' lang='lat' dir='ltr'>circumpositis</span> <span class='ocrx_word' id='word_1_96' title='bbox 1051 2237 1096 2309; x_wconf 91' lang='lat' dir='ltr'>li·</span> 
     </span>
    </p>
   </div>
   <div class='ocr_carea' id='block_1_6' title="bbox 1206 608 2067 1417">
    <p class='ocr_par' dir='ltr' id='par_1_6' title="bbox 1206 608 2067 1417">
     <span class='ocr_line' id='line_1_20' title="bbox 1206 608 1977 716; baseline 0.016 -37"><span class='ocrx_word' id='word_1_97' title='bbox 1206 608 1243 680; x_wconf 92' lang='lat' dir='ltr'>in</span> <span class='ocrx_word' id='word_1_98' title='bbox 1263 636 1384 698; x_wconf 81' lang='lat' dir='ltr'>arca,</span> <span class='ocrx_word' id='word_1_99' title='bbox 1427 609 1670 705; x_wconf 70' lang='lat' dir='ltr'>circumpositi</span> <span class='ocrx_word' id='word_1_100' title='bbox 1708 614 1942 716; x_wconf 68' lang='lat' dir='ltr'>inscriptione</span> <span class='ocrx_word' id='word_1_101' title='bbox 1955 641 1977 691; x_wconf 78' lang='lat' dir='ltr'>t·</span> 
     </span>
     <span class='ocr_line' id='line_1_21' title="bbox 1206 713 1971 816; baseline 0.014 -34"><span class='ocrx_word' id='word_1_102' title='bbox 1206 713 1431 784; x_wconf 81' lang='lat' dir='ltr'>CIVITAS.</span> <span class='ocrx_word' id='word_1_103' title='bbox 1459 715 1643 786; x_wconf 85' lang='lat' dir='ltr'>Scutulum</span> <span class='ocrx_word' id='word_1_104' title='bbox 1671 743 1808 816; x_wconf 84' lang='lat' dir='ltr'>quoque</span> <span class='ocrx_word' id='word_1_105' title='bbox 1832 719 1971 794; x_wconf 78' lang='lat' dir='ltr'>ibidem</span> 
     </span>
     <span class='ocr_line' id='line_1_22' title="bbox 1206 811 1970 917; baseline 0.01 -33"><span class='ocrx_word' id='word_1_106' title='bbox 1206 811 1420 909; x_wconf 80' lang='lat' dir='ltr'>conspicias,</span> <span class='ocrx_word' id='word_1_107' title='bbox 1461 839 1540 887; x_wconf 92' lang='lat' dir='ltr'>cum</span> <span class='ocrx_word' id='word_1_108' title='bbox 1569 814 1695 916; x_wconf 78' lang='lat' dir='ltr'>insigni</span> <span class='ocrx_word' id='word_1_109' title='bbox 1723 821 1898 917; x_wconf 88' lang='lat' dir='ltr'>quodam.</span> <span class='ocrx_word' id='word_1_110' title='bbox 1928 821 1970 894; x_wconf 85' lang='lat' dir='ltr'>ln</span> 
     </span>
     <span class='ocr_line' id='line_1_23' title="bbox 1206 912 1970 1012; baseline 0.012 -28"><span class='ocrx_word' id='word_1_111' title='bbox 1206 912 1323 984; x_wconf 85' lang='lat' dir='ltr'>aversa</span> <span class='ocrx_word' id='word_1_112' title='bbox 1360 935 1457 1012; x_wconf 90' lang='lat' dir='ltr'>parte</span> <span class='ocrx_word' id='word_1_113' title='bbox 1491 914 1594 991; x_wconf 85' lang='lat' dir='ltr'>Crux</span> <span class='ocrx_word' id='word_1_114' title='bbox 1635 946 1715 994; x_wconf 90' lang='lat' dir='ltr'>cum</span> <span class='ocrx_word' id='word_1_115' title='bbox 1751 921 1865 995; x_wconf 89' lang='lat' dir='ltr'>literis</span> <span class='ocrx_word' id='word_1_116' title='bbox 1897 925 1970 993; x_wconf 51' lang='lat' dir='ltr'>Vl&amp;</span> 
     </span>
     <span class='ocr_line' id='line_1_24' title="bbox 1206 1017 2067 1124; baseline 0.017 -39"><span class='ocrx_word' id='word_1_117' title='bbox 1206 1017 1431 1088; x_wconf 82' lang='lat' dir='ltr'>ClENCIE.</span> <span class='ocrx_word' id='word_1_118' title='bbox 1475 1018 1530 1095; x_wconf 89' lang='lat' dir='ltr'>Ita</span> <span class='ocrx_word' id='word_1_119' title='bbox 1557 1020 1651 1092; x_wconf 90' lang='lat' dir='ltr'>enim</span> <span class='ocrx_word' id='word_1_120' title='bbox 1681 1025 1760 1096; x_wconf 89' lang='lat' dir='ltr'>illic</span> <span class='ocrx_word' id='word_1_121' title='bbox 1795 1024 1887 1124; x_wconf 82' lang='lat' dir='ltr'>legi,</span> <span class='ocrx_word' id='word_1_122' title='bbox 1929 1021 1970 1098; x_wconf 77' lang='grc' dir='ltr'>δι</span> <span class='ocrx_word' id='word_1_123' title='bbox 2058 1067 2067 1087; x_wconf 69' lang='lat'><em>1</em></span> 
     </span>
     <span class='ocr_line' id='line_1_25' title="bbox 1207 1121 1968 1202; baseline 0.016 -17"><span class='ocrx_word' id='word_1_124' title='bbox 1207 1141 1276 1188; x_wconf 93' lang='lat' dir='ltr'>non</span> <span class='ocrx_word' id='word_1_125' title='bbox 1307 1121 1568 1202; x_wconf 80' lang='lat' dir='ltr'>VlCENClE,</span> <span class='ocrx_word' id='word_1_126' title='bbox 1596 1123 1738 1197; x_wconf 87' lang='lat' dir='ltr'>monuit</span> <span class='ocrx_word' id='word_1_127' title='bbox 1757 1150 1813 1196; x_wconf 89' lang='lat' dir='ltr'>me</span> <span class='ocrx_word' id='word_1_128' title='bbox 1833 1123 1968 1197; x_wconf 79' lang='lat' dir='ltr'>amicus</span> 
     </span>
     <span class='ocr_line' id='line_1_26' title="bbox 1208 1211 2032 1301; baseline 0.017 -14"><span class='ocrx_word' id='word_1_129' title='bbox 1208 1216 1264 1289; x_wconf 86' lang='lat' dir='ltr'>vir</span> <span class='ocrx_word' id='word_1_130' title='bbox 1300 1221 1459 1293; x_wconf 83' lang='lat' dir='ltr'>Adamus</span> <span class='ocrx_word' id='word_1_131' title='bbox 1497 1223 1641 1296; x_wconf 81' lang='lat' dir='ltr'>Piratus</span> <span class='ocrx_word' id='word_1_132' title='bbox 1682 1230 1773 1299; x_wconf 88' lang='lat' dir='ltr'>Sacr.</span> <span class='ocrx_word' id='word_1_133' title='bbox 1809 1225 1971 1301; x_wconf 83' lang='lat' dir='ltr'>Theolo·</span> <span class='ocrx_word' id='word_1_134' title='bbox 2023 1211 2032 1230; x_wconf 64' lang='grc'><em>’</em></span> 
     </span>
     <span class='ocr_line' id='line_1_27' title="bbox 1206 1318 1688 1417; baseline 0.027 -28"><span class='ocrx_word' id='word_1_135' title='bbox 1206 1318 1284 1417; x_wconf 91' lang='lat' dir='ltr'>giae</span> <span class='ocrx_word' id='word_1_136' title='bbox 1311 1320 1450 1395; x_wconf 71' lang='lat' dir='ltr'>Dodlor</span> <span class='ocrx_word' id='word_1_137' title='bbox 1477 1322 1688 1409; x_wconf 82' lang='lat' dir='ltr'>Patavinus.</span> 
     </span>
    </p>
   </div>
   <div class='ocr_carea' id='block_1_7' title="bbox 1290 1527 1889 1607">
    <p class='ocr_par' dir='ltr' id='par_1_7' title="bbox 1290 1527 1889 1607">
     <span class='ocr_line' id='line_1_28' title="bbox 1290 1527 1889 1607; baseline 0.018 -12"><span class='ocrx_word' id='word_1_138' title='bbox 1290 1527 1889 1607; x_wconf 81' lang='lat' dir='ltr'>VIGLEVANUM.</span> 
     </span>
    </p>
   </div>
   <div class='ocr_carea' id='block_1_8' title="bbox 1205 1727 2019 2322">
    <p class='ocr_par' dir='ltr' id='par_1_8' title="bbox 1205 1727 2019 2322">
     <span class='ocr_line' id='line_1_29' title="bbox 1307 1727 2019 1832; baseline 0.017 -37"><span class='ocrx_word' id='word_1_139' title='bbox 1307 1727 1517 1821; x_wconf 81' lang='lat' dir='ltr'>lglevanrrm‚</span> <span class='ocrx_word' id='word_1_140' title='bbox 1566 1731 1700 1832; x_wconf 78' lang='lat' dir='ltr'>insigne</span> <span class='ocrx_word' id='word_1_141' title='bbox 1743 1734 1832 1806; x_wconf 88' lang='lat' dir='ltr'>olim</span> <span class='ocrx_word' id='word_1_142' title='bbox 1876 1731 1970 1830; x_wconf 86' lang='lat' dir='ltr'>apud</span> <span class='ocrx_word' id='word_1_143' title='bbox 2017 1797 2019 1801; x_wconf 68' lang='grc'>,</span> 
     </span>
     <span class='ocr_line' id='line_1_30' title="bbox 1333 1827 1971 1934; baseline 0.014 -36"><span class='ocrx_word' id='word_1_144' title='bbox 1333 1827 1490 1904; x_wconf 86' lang='lat' dir='ltr'>insubres</span> <span class='ocrx_word' id='word_1_145' title='bbox 1516 1834 1720 1934; x_wconf 87' lang='lat' dir='ltr'>Oppidum,</span> <span class='ocrx_word' id='word_1_146' title='bbox 1748 1861 1840 1908; x_wconf 91' lang='lat' dir='ltr'>nunc</span> <span class='ocrx_word' id='word_1_147' title='bbox 1859 1832 1971 1909; x_wconf 88' lang='lat' dir='ltr'>Civi-</span> 
     </span>
     <span class='ocr_line' id='line_1_31' title="bbox 1205 1933 1970 2032; baseline 0.012 -31"><span class='ocrx_word' id='word_1_148' title='bbox 1205 1952 1258 2004; x_wconf 88' lang='lat' dir='ltr'>tas</span> <span class='ocrx_word' id='word_1_149' title='bbox 1298 1933 1548 2032; x_wconf 84' lang='lat' dir='ltr'>Episcopalis,</span> <span class='ocrx_word' id='word_1_150' title='bbox 1593 1963 1614 2010; x_wconf 94' lang='lat' dir='ltr'>a</span> <span class='ocrx_word' id='word_1_151' title='bbox 1656 1937 1844 2011; x_wconf 75' lang='lat' dir='ltr'>Ludovico</span> <span class='ocrx_word' id='word_1_152' title='bbox 1888 1937 1970 2010; x_wconf 79' lang='lat' dir='ltr'>xit.</span> 
     </span>
     <span class='ocr_line' id='line_1_32' title="bbox 1206 2037 1971 2137; baseline 0.005 -33"><span class='ocrx_word' id='word_1_153' title='bbox 1206 2037 1417 2106; x_wconf 82' lang='lat' dir='ltr'>Francorum</span> <span class='ocrx_word' id='word_1_154' title='bbox 1448 2038 1563 2133; x_wconf 83' lang='lat' dir='ltr'>Rege,</span> <span class='ocrx_word' id='word_1_155' title='bbox 1606 2037 1783 2137; x_wconf 87' lang='lat' dir='ltr'>postquam</span> <span class='ocrx_word' id='word_1_156' title='bbox 1824 2037 1971 2111; x_wconf 86' lang='lat' dir='ltr'>Medio·</span> 
     </span>
     <span class='ocr_line' id='line_1_33' title="bbox 1205 2133 1971 2234; baseline 0.01 -30"><span class='ocrx_word' id='word_1_157' title='bbox 1205 2133 1332 2207; x_wconf 85' lang='lat' dir='ltr'>lanensr</span> <span class='ocrx_word' id='word_1_158' title='bbox 1363 2139 1502 2210; x_wconf 90' lang='lat' dir='ltr'>Ducatu</span> <span class='ocrx_word' id='word_1_159' title='bbox 1532 2139 1666 2234; x_wconf 88' lang='lat' dir='ltr'>potitus</span> <span class='ocrx_word' id='word_1_160' title='bbox 1693 2140 1759 2231; x_wconf 88' lang='lat' dir='ltr'>est,</span> <span class='ocrx_word' id='word_1_161' title='bbox 1799 2139 1971 2212; x_wconf 87' lang='lat' dir='ltr'>traditum</span> 
     </span>
     <span class='ocr_line' id='line_1_34' title="bbox 1205 2232 1971 2322; baseline 0.003 -15"><span class='ocrx_word' id='word_1_162' title='bbox 1205 2232 1273 2307; x_wconf 89' lang='lat' dir='ltr'>suit</span> <span class='ocrx_word' id='word_1_163' title='bbox 1314 2236 1352 2309; x_wconf 90' lang='lat' dir='ltr'>in</span> <span class='ocrx_word' id='word_1_164' title='bbox 1389 2240 1568 2322; x_wconf 68' lang='lat' dir='ltr'>rendum,</span> <span class='ocrx_word' id='word_1_165' title='bbox 1609 2241 1731 2316; x_wconf 77' lang='lat' dir='ltr'>addito</span> <span class='ocrx_word' id='word_1_166' title='bbox 1771 2239 1971 2314; x_wconf 80' lang='lat' dir='ltr'>Marcbr&#39;onia</span> 
     </span>
    </p>
   </div>
   <div class='ocr_carea' id='block_1_9' title="bbox 326 2338 1971 2439">
    <p class='ocr_par' dir='ltr' id='par_1_9' title="bbox 326 2338 1971 2439">
     <span class='ocr_line' id='line_1_35' title="bbox 326 2338 1971 2439; baseline 0.001 -26"><span class='ocrx_word' id='word_1_167' title='bbox 326 2338 414 2415; x_wconf 86' lang='lat' dir='ltr'>teris</span> <span class='ocrx_word' id='word_1_168' title='bbox 435 2343 607 2416; x_wconf 80' lang='lat' dir='ltr'>COMES</span> <span class='ocrx_word' id='word_1_169' title='bbox 628 2343 906 2413; x_wconf 84' lang='lat' dir='ltr'>VlRTVTVM</span> <span class='ocrx_word' id='word_1_170' title='bbox 930 2341 1096 2413; x_wconf 71' lang='lat' dir='ltr'>omui.</span> <span class='ocrx_word' id='word_1_171' title='bbox 1136 2352 1171 2425; x_wconf 75' lang='grc' dir='ltr'>ρ</span> <span class='ocrx_word' id='word_1_172' title='bbox 1206 2338 1342 2428; x_wconf 88' lang='lat' dir='ltr'>titulo,</span> <span class='ocrx_word' id='word_1_173' title='bbox 1381 2338 1508 2439; x_wconf 86' lang='lat' dir='ltr'>infigni</span> <span class='ocrx_word' id='word_1_174' title='bbox 1536 2367 1576 2415; x_wconf 89' lang='lat' dir='ltr'>ac</span> <span class='ocrx_word' id='word_1_175' title='bbox 1612 2344 1841 2416; x_wconf 88' lang='lat' dir='ltr'>celeberrimo</span> <span class='ocrx_word' id='word_1_176' title='bbox 1867 2367 1971 2414; x_wconf 86' lang='lat' dir='ltr'>exer-</span> 
     </span>
    </p>
   </div>
   <div class='ocr_carea' id='block_1_10' title="bbox 327 2442 1097 3350">
    <p class='ocr_par' dir='ltr' id='par_1_10' title="bbox 327 2442 1097 3231">
     <span class='ocr_line' id='line_1_36' title="bbox 330 2442 1096 2530; baseline -0.013 -13"><span class='ocrx_word' id='word_1_177' title='bbox 330 2495 487 2518; x_wconf 83' lang='grc'><strong>.....</strong></span> <span class='ocrx_word' id='word_1_178' title='bbox 515 2442 582 2515; x_wconf 91' lang='lat' dir='ltr'>hoc</span> <span class='ocrx_word' id='word_1_179' title='bbox 609 2442 680 2530; x_wconf 81' lang='lat' dir='ltr'>est,</span> <span class='ocrx_word' id='word_1_180' title='bbox 710 2444 863 2513; x_wconf 80' lang='lat' dir='ltr'>Dominus</span> <span class='ocrx_word' id='word_1_181' title='bbox 892 2442 1096 2522; x_wconf 78' lang='lat' dir='ltr'>Mediolani,</span> 
     </span>
     <span class='ocr_line' id='line_1_37' title="bbox 330 2541 1094 2644; baseline -0.004 -29"><span class='ocrx_word' id='word_1_182' title='bbox 330 2546 376 2615; x_wconf 71' lang='grc' dir='ltr'>Θ·</span> <span class='ocrx_word' id='word_1_183' title='bbox 403 2543 469 2642; x_wconf 85' lang='lat' dir='ltr'>(ut</span> <span class='ocrx_word' id='word_1_184' title='bbox 496 2545 607 2644; x_wconf 78' lang='lat' dir='ltr'>puto)</span> <span class='ocrx_word' id='word_1_185' title='bbox 637 2549 792 2634; x_wconf 73' lang='lat' dir='ltr'>Veronae.</span> <span class='ocrx_word' id='word_1_186' title='bbox 828 2548 862 2616; x_wconf 86' lang='lat' dir='ltr'>ls</span> <span class='ocrx_word' id='word_1_187' title='bbox 897 2543 942 2616; x_wconf 88' lang='lat' dir='ltr'>est</span> <span class='ocrx_word' id='word_1_188' title='bbox 967 2541 1094 2633; x_wconf 78' lang='lat' dir='ltr'>loban-</span> 
     </span>
     <span class='ocr_line' id='line_1_38' title="bbox 330 2646 1097 2744; baseline -0.005 -26"><span class='ocrx_word' id='word_1_189' title='bbox 330 2669 392 2719; x_wconf 90' lang='lat' dir='ltr'>nes</span> <span class='ocrx_word' id='word_1_190' title='bbox 419 2647 603 2721; x_wconf 87' lang='lat' dir='ltr'>Galeatius</span> <span class='ocrx_word' id='word_1_191' title='bbox 631 2648 866 2736; x_wconf 87' lang='lat' dir='ltr'>Vicecomes,</span> <span class='ocrx_word' id='word_1_192' title='bbox 897 2646 960 2744; x_wconf 92' lang='lat' dir='ltr'>qui</span> <span class='ocrx_word' id='word_1_193' title='bbox 990 2650 1097 2716; x_wconf 83' lang='lat' dir='ltr'>Anno</span> 
     </span>
     <span class='ocr_line' id='line_1_39' title="bbox 329 2745 1096 2842; baseline -0.008 -19"><span class='ocrx_word' id='word_1_194' title='bbox 329 2745 465 2823; x_wconf 62' lang='lat' dir='ltr'>Christi</span> <span class='ocrx_word' id='word_1_195' title='bbox 494 2750 861 2822; x_wconf 74' lang='lat' dir='ltr'>MCCCLxxxvn.</span> <span class='ocrx_word' id='word_1_196' title='bbox 892 2750 990 2842; x_wconf 91' lang='lat' dir='ltr'>pullo</span> <span class='ocrx_word' id='word_1_197' title='bbox 1022 2751 1096 2817; x_wconf 82' lang='lat' dir='ltr'>An·</span> 
     </span>
     <span class='ocr_line' id='line_1_40' title="bbox 328 2847 1097 2947; baseline -0.007 -24"><span class='ocrx_word' id='word_1_198' title='bbox 328 2850 436 2936; x_wconf 89' lang='lat' dir='ltr'>tonio</span> <span class='ocrx_word' id='word_1_199' title='bbox 463 2850 662 2947; x_wconf 86' lang='lat' dir='ltr'>Scaligero,</span> <span class='ocrx_word' id='word_1_200' title='bbox 692 2853 868 2943; x_wconf 79' lang='lat' dir='ltr'>Veronam</span> <span class='ocrx_word' id='word_1_201' title='bbox 898 2847 958 2921; x_wconf 88' lang='lat' dir='ltr'>srbi</span> <span class='ocrx_word' id='word_1_202' title='bbox 984 2849 1097 2945; x_wconf 88' lang='lat' dir='ltr'>subje-</span> 
     </span>
     <span class='ocr_line' id='line_1_41' title="bbox 329 2949 1095 3050; baseline -0.005 -26"><span class='ocrx_word' id='word_1_203' title='bbox 329 2949 400 3024; x_wconf 88' lang='lat' dir='ltr'>cit.</span> <span class='ocrx_word' id='word_1_204' title='bbox 440 2954 480 3024; x_wconf 88' lang='lat' dir='ltr'>ln</span> <span class='ocrx_word' id='word_1_205' title='bbox 511 2950 639 3049; x_wconf 77' lang='lat' dir='ltr'>pollicd</span> <span class='ocrx_word' id='word_1_206' title='bbox 667 2951 823 3025; x_wconf 87' lang='lat' dir='ltr'>cernitur</span> <span class='ocrx_word' id='word_1_207' title='bbox 859 2950 978 3050; x_wconf 81' lang='lat' dir='ltr'>imago</span> <span class='ocrx_word' id='word_1_208' title='bbox 1010 2953 1095 3021; x_wconf 87' lang='lat' dir='ltr'>Eoi-</span> 
     </span>
     <span class='ocr_line' id='line_1_42' title="bbox 327 3050 1091 3152; baseline -0.005 -27"><span class='ocrx_word' id='word_1_209' title='bbox 327 3050 425 3151; x_wconf 87' lang='lat' dir='ltr'>scopi</span> <span class='ocrx_word' id='word_1_210' title='bbox 454 3050 570 3126; x_wconf 72' lang='lat' dir='ltr'>Sandis</span> <span class='ocrx_word' id='word_1_211' title='bbox 603 3079 680 3125; x_wconf 90' lang='lat' dir='ltr'>curn</span> <span class='ocrx_word' id='word_1_212' title='bbox 709 3051 899 3152; x_wconf 83' lang='lat' dir='ltr'>epigraphe</span> <span class='ocrx_word' id='word_1_213' title='bbox 920 3056 1000 3127; x_wconf 76' lang='lat' dir='ltr'>SCS</span> <span class='ocrx_word' id='word_1_214' title='bbox 1019 3054 1091 3122; x_wconf 83' lang='grc' dir='ltr'>ΖΕ·</span> 
     </span>
     <span class='ocr_line' id='line_1_43' title="bbox 329 3158 759 3231; baseline -0.012 -1"><span class='ocrx_word' id='word_1_215' title='bbox 329 3159 404 3231; x_wconf 85' lang='grc' dir='ltr'>ΝΟ</span> <span class='ocrx_word' id='word_1_216' title='bbox 435 3158 496 3227; x_wconf 83' lang='lat' dir='ltr'>DE</span> <span class='ocrx_word' id='word_1_217' title='bbox 531 3159 759 3226; x_wconf 80' lang='lat' dir='ltr'>VERONA.</span> 
     </span>
    </p>

    <p class='ocr_par' dir='ltr' id='par_1_11' title="bbox 379 3250 1095 3350">
     <span class='ocr_line' id='line_1_44' title="bbox 379 3250 1095 3350; baseline -0.007 -23"><span class='ocrx_word' id='word_1_218' title='bbox 379 3255 537 3328; x_wconf 71' lang='lat' dir='ltr'>Ostavus</span> <span class='ocrx_word' id='word_1_219' title='bbox 577 3253 729 3350; x_wconf 89' lang='lat' dir='ltr'>denique</span> <span class='ocrx_word' id='word_1_220' title='bbox 766 3254 943 3326; x_wconf 86' lang='lat' dir='ltr'>Nummus</span> <span class='ocrx_word' id='word_1_221' title='bbox 980 3250 1095 3325; x_wconf 87' lang='lat' dir='ltr'>succe·</span> 
     </span>
    </p>
   </div>
   <div class='ocr_carea' id='block_1_11' title="bbox 1203 2439 2057 3348">
    <p class='ocr_par' dir='ltr' id='par_1_12' title="bbox 1206 2439 1968 2539">
     <span class='ocr_line' id='line_1_45' title="bbox 1206 2439 1968 2539; baseline 0.004 -30"><span class='ocrx_word' id='word_1_222' title='bbox 1206 2439 1341 2512; x_wconf 85' lang='lat' dir='ltr'>cituum</span> <span class='ocrx_word' id='word_1_223' title='bbox 1361 2439 1571 2539; x_wconf 83' lang='lat' dir='ltr'>Imperatori</span> <span class='ocrx_word' id='word_1_224' title='bbox 1585 2446 1734 2536; x_wconf 84' lang='lat' dir='ltr'>Jobanni</span> <span class='ocrx_word' id='word_1_225' title='bbox 1746 2443 1869 2536; x_wconf 79' lang='lat' dir='ltr'>Jarolm</span> <span class='ocrx_word' id='word_1_226' title='bbox 1889 2442 1968 2513; x_wconf 84' lang='lat' dir='ltr'>Tri-</span> 
     </span>
    </p>

    <p class='ocr_par' dir='ltr' id='par_1_13' title="bbox 1203 2537 2057 3348">
     <span class='ocr_line' id='line_1_46' title="bbox 1204 2537 2055 2645; baseline 0.008 -35"><span class='ocrx_word' id='word_1_227' title='bbox 1204 2543 1331 2622; x_wconf 73' lang='lat' dir='ltr'>valeia,</span> <span class='ocrx_word' id='word_1_228' title='bbox 1387 2544 1485 2642; x_wconf 87' lang='lat' dir='ltr'>cujus</span> <span class='ocrx_word' id='word_1_229' title='bbox 1510 2546 1709 2635; x_wconf 57' lang='lat' dir='ltr'>„Familiae</span> <span class='ocrx_word' id='word_1_230' title='bbox 1755 2545 1970 2645; x_wconf 80' lang='lat' dir='ltr'>dignitatem</span> <span class='ocrx_word' id='word_1_231' title='bbox 2052 2537 2055 2540; x_wconf 33' lang='lat'><strong>⁴</strong></span> 
     </span>
     <span class='ocr_line' id='line_1_47' title="bbox 1206 2642 1966 2720; baseline 0.004 -6"><span class='ocrx_word' id='word_1_232' title='bbox 1206 2662 1323 2715; x_wconf 89' lang='lat' dir='ltr'>tuetur</span> <span class='ocrx_word' id='word_1_233' title='bbox 1357 2644 1470 2718; x_wconf 88' lang='lat' dir='ltr'>adhuc</span> <span class='ocrx_word' id='word_1_234' title='bbox 1507 2642 1709 2720; x_wconf 86' lang='lat' dir='ltr'>Mediolani</span> <span class='ocrx_word' id='word_1_235' title='bbox 1741 2651 1851 2720; x_wconf 89' lang='lat' dir='ltr'>multa</span> <span class='ocrx_word' id='word_1_236' title='bbox 1885 2667 1966 2717; x_wconf 80' lang='lat' dir='ltr'>cunt</span> 
     </span>
     <span class='ocr_line' id='line_1_48' title="bbox 1206 2744 2057 2843; baseline -0.001 -29"><span class='ocrx_word' id='word_1_237' title='bbox 1206 2744 1306 2816; x_wconf 91' lang='lat' dir='ltr'>laude</span> <span class='ocrx_word' id='word_1_238' title='bbox 1333 2745 1623 2843; x_wconf 88' lang='lat' dir='ltr'>praeclariffimus</span> <span class='ocrx_word' id='word_1_239' title='bbox 1649 2747 1815 2820; x_wconf 87' lang='lat' dir='ltr'>Marchio</span> <span class='ocrx_word' id='word_1_240' title='bbox 1844 2746 1970 2819; x_wconf 86' lang='lat' dir='ltr'>Theo·</span> <span class='ocrx_word' id='word_1_241' title='bbox 2050 2801 2057 2813; x_wconf 90' lang='lat'><strong>.</strong></span> 
     </span>
     <span class='ocr_line' id='line_1_49' title="bbox 1205 2845 1970 2944; baseline 0.003 -27"><span class='ocrx_word' id='word_1_242' title='bbox 1205 2847 1309 2919; x_wconf 82' lang='lat' dir='ltr'>dorus</span> <span class='ocrx_word' id='word_1_243' title='bbox 1336 2849 1540 2921; x_wconf 86' lang='lat' dir='ltr'>Alexander</span> <span class='ocrx_word' id='word_1_244' title='bbox 1565 2849 1799 2937; x_wconf 79' lang='lat' dir='ltr'>Trivultius,</span> <span class='ocrx_word' id='word_1_245' title='bbox 1836 2874 1896 2944; x_wconf 87' lang='lat' dir='ltr'>per</span> <span class='ocrx_word' id='word_1_246' title='bbox 1922 2845 1970 2919; x_wconf 90' lang='lat' dir='ltr'>li·</span> 
     </span>
     <span class='ocr_line' id='line_1_50' title="bbox 1207 2949 1999 3046; baseline 0 -27"><span class='ocrx_word' id='word_1_247' title='bbox 1207 2975 1305 3020; x_wconf 90' lang='lat' dir='ltr'>neam</span> <span class='ocrx_word' id='word_1_248' title='bbox 1353 2949 1582 3024; x_wconf 88' lang='lat' dir='ltr'>masculinam</span> <span class='ocrx_word' id='word_1_249' title='bbox 1628 2978 1672 3024; x_wconf 90' lang='lat' dir='ltr'>ex</span> <span class='ocrx_word' id='word_1_250' title='bbox 1722 2950 1872 3046; x_wconf 86' lang='lat' dir='ltr'>ejusdem</span> <span class='ocrx_word' id='word_1_251' title='bbox 1916 2953 1999 3038; x_wconf 92' lang='lat' dir='ltr'>Jo..</span> 
     </span>
     <span class='ocr_line' id='line_1_51' title="bbox 1204 3048 1971 3150; baseline 0.005 -30"><span class='ocrx_word' id='word_1_252' title='bbox 1204 3053 1275 3137; x_wconf 86' lang='lat' dir='ltr'>Jac.</span> <span class='ocrx_word' id='word_1_253' title='bbox 1295 3048 1401 3122; x_wconf 81' lang='lat' dir='ltr'>fratre</span> <span class='ocrx_word' id='word_1_254' title='bbox 1425 3056 1479 3140; x_wconf 90' lang='lat' dir='ltr'>Jo.</span> <span class='ocrx_word' id='word_1_255' title='bbox 1500 3054 1622 3126; x_wconf 86' lang='lat' dir='ltr'>Firmo</span> <span class='ocrx_word' id='word_1_256' title='bbox 1650 3050 1891 3150; x_wconf 86' lang='lat' dir='ltr'>primogenito</span> <span class='ocrx_word' id='word_1_257' title='bbox 1911 3052 1971 3124; x_wconf 94' lang='lat' dir='ltr'>de·</span> 
     </span>
     <span class='ocr_line' id='line_1_52' title="bbox 1205 3148 1971 3247; baseline 0.01 -31"><span class='ocrx_word' id='word_1_258' title='bbox 1205 3148 1386 3220; x_wconf 89' lang='lat' dir='ltr'>scendens.</span> <span class='ocrx_word' id='word_1_259' title='bbox 1412 3153 1540 3224; x_wconf 84' lang='lat' dir='ltr'>¹Servat</span> <span class='ocrx_word' id='word_1_260' title='bbox 1558 3153 1589 3224; x_wconf 90' lang='lat' dir='ltr'>is</span> <span class='ocrx_word' id='word_1_261' title='bbox 1611 3158 1786 3225; x_wconf 89' lang='lat' dir='ltr'>Nummos</span> <span class='ocrx_word' id='word_1_262' title='bbox 1808 3154 1971 3247; x_wconf 90' lang='lat' dir='ltr'>aliquot,</span> 
     </span>
     <span class='ocr_line' id='line_1_53' title="bbox 1203 3246 1973 3348; baseline 0.009 -30"><span class='ocrx_word' id='word_1_263' title='bbox 1203 3246 1330 3344; x_wconf 90' lang='lat' dir='ltr'>eosque</span> <span class='ocrx_word' id='word_1_264' title='bbox 1366 3247 1534 3322; x_wconf 70' lang='lat' dir='ltr'>mihi&#39;ea</span> <span class='ocrx_word' id='word_1_265' title='bbox 1572 3252 1613 3323; x_wconf 89' lang='lat' dir='ltr'>de</span> <span class='ocrx_word' id='word_1_266' title='bbox 1650 3279 1684 3324; x_wconf 90' lang='lat' dir='ltr'>re</span> <span class='ocrx_word' id='word_1_267' title='bbox 1722 3254 1842 3348; x_wconf 86' lang='lat' dir='ltr'>agenti</span> <span class='ocrx_word' id='word_1_268' title='bbox 1872 3278 1973 3325; x_wconf 90' lang='lat' dir='ltr'>com-</span> 
     </span>
    </p>
   </div>
   <div class='ocr_carea' id='block_1_12' title="bbox 324 3348 1968 3447">
    <p class='ocr_par' dir='ltr' id='par_1_14' title="bbox 324 3348 1968 3447">
     <span class='ocr_line' id='line_1_54' title="bbox 324 3348 1968 3447; baseline -0.005 -15"><span class='ocrx_word' id='word_1_269' title='bbox 324 3355 412 3439; x_wconf 83' lang='lat' dir='ltr'>dat,</span> <span class='ocrx_word' id='word_1_270' title='bbox 435 3385 453 3428; x_wconf 87' lang='lat' dir='ltr'>e</span> <span class='ocrx_word' id='word_1_271' title='bbox 473 3356 615 3429; x_wconf 75' lang='lat' dir='ltr'>schedis</span> <span class='ocrx_word' id='word_1_272' title='bbox 639 3353 928 3445; x_wconf 76' lang='lat' dir='ltr'>blanchinianis,</span> <span class='ocrx_word' id='word_1_273' title='bbox 952 3352 1096 3427; x_wconf 88' lang='lat' dir='ltr'>inMu-</span> <span class='ocrx_word' id='word_1_274' title='bbox 1136 3377 1171 3446; x_wconf 75' lang='grc' dir='ltr'><strong>ῃ</strong></span> <span class='ocrx_word' id='word_1_275' title='bbox 1207 3348 1427 3438; x_wconf 81' lang='lat' dir='ltr'>manicavit,</span> <span class='ocrx_word' id='word_1_276' title='bbox 1447 3376 1535 3447; x_wconf 88' lang='lat' dir='ltr'>quos</span> <span class='ocrx_word' id='word_1_277' title='bbox 1551 3354 1676 3425; x_wconf 92' lang='lat' dir='ltr'>deinde</span> <span class='ocrx_word' id='word_1_278' title='bbox 1697 3351 1769 3424; x_wconf 90' lang='lat' dir='ltr'>sum</span> <span class='ocrx_word' id='word_1_279' title='bbox 1786 3351 1968 3425; x_wconf 88' lang='lat' dir='ltr'>editurus.</span> 
     </span>
    </p>
   </div>
   <div class='ocr_carea' id='block_1_13' title="bbox 269 3454 1100 4269">
    <p class='ocr_par' dir='ltr' id='par_1_15' title="bbox 269 3454 1100 4269">
     <span class='ocr_line' id='line_1_55' title="bbox 325 3454 1096 3549; baseline -0.009 -16"><span class='ocrx_word' id='word_1_280' title='bbox 325 3458 385 3533; x_wconf 88' lang='lat' dir='ltr'>seo</span> <span class='ocrx_word' id='word_1_281' title='bbox 407 3456 626 3532; x_wconf 81' lang='lat' dir='ltr'>Moselliano</span> <span class='ocrx_word' id='word_1_282' title='bbox 649 3454 861 3546; x_wconf 86' lang='lat' dir='ltr'>adservatis,</span> <span class='ocrx_word' id='word_1_283' title='bbox 878 3457 1096 3549; x_wconf 79' lang='lat' dir='ltr'>depromtus.</span> 
     </span>
     <span class='ocr_line' id='line_1_56' title="bbox 332 3556 1097 3658; baseline -0.01 -22"><span class='ocrx_word' id='word_1_284' title='bbox 332 3562 389 3636; x_wconf 90' lang='lat' dir='ltr'>lbi</span> <span class='ocrx_word' id='word_1_285' title='bbox 421 3560 553 3658; x_wconf 84' lang='lat' dir='ltr'>Aquila</span> <span class='ocrx_word' id='word_1_286' title='bbox 584 3559 701 3655; x_wconf 80' lang='lat' dir='ltr'>biceps</span> <span class='ocrx_word' id='word_1_287' title='bbox 728 3584 808 3631; x_wconf 90' lang='lat' dir='ltr'>cum</span> <span class='ocrx_word' id='word_1_288' title='bbox 837 3559 951 3631; x_wconf 90' lang='lat' dir='ltr'>literis</span> <span class='ocrx_word' id='word_1_289' title='bbox 971 3560 1008 3630; x_wconf 91' lang='lat' dir='ltr'>in</span> <span class='ocrx_word' id='word_1_290' title='bbox 1029 3556 1097 3630; x_wconf 89' lang='lat' dir='ltr'>cir-</span> 
     </span>
     <span class='ocr_line' id='line_1_57' title="bbox 332 3654 1097 3759; baseline -0.009 -22"><span class='ocrx_word' id='word_1_291' title='bbox 332 3665 454 3737; x_wconf 91' lang='lat' dir='ltr'>cuitu:</span> <span class='ocrx_word' id='word_1_292' title='bbox 488 3665 589 3732; x_wconf 85' lang='lat' dir='ltr'>Dvx</span> <span class='ocrx_word' id='word_1_293' title='bbox 620 3663 894 3734; x_wconf 83' lang='lat' dir='ltr'>AVSTRIAE.</span> <span class='ocrx_word' id='word_1_294' title='bbox 926 3663 967 3732; x_wconf 88' lang='lat' dir='ltr'>ln</span> <span class='ocrx_word' id='word_1_295' title='bbox 995 3654 1097 3759; x_wconf 80' lang='lat' dir='ltr'>posti·</span> 
     </span>
     <span class='ocr_line' id='line_1_58' title="bbox 331 3759 1099 3863; baseline -0.01 -23"><span class='ocrx_word' id='word_1_296' title='bbox 331 3791 373 3840; x_wconf 88' lang='lat' dir='ltr'>ea</span> <span class='ocrx_word' id='word_1_297' title='bbox 401 3766 519 3863; x_wconf 90' lang='lat' dir='ltr'>imago</span> <span class='ocrx_word' id='word_1_298' title='bbox 548 3761 713 3862; x_wconf 87' lang='lat' dir='ltr'>Episcopi</span> <span class='ocrx_word' id='word_1_299' title='bbox 751 3789 831 3835; x_wconf 84' lang='lat' dir='ltr'>cum</span> <span class='ocrx_word' id='word_1_300' title='bbox 868 3759 1099 3844; x_wconf 87' lang='lat' dir='ltr'>inscriptione</span> 
     </span>
     <span class='ocr_line' id='line_1_59' title="bbox 331 3864 1094 3956; baseline -0.012 -15"><span class='ocrx_word' id='word_1_301' title='bbox 331 3865 465 3941; x_wconf 89' lang='lat' dir='ltr'>circum</span> <span class='ocrx_word' id='word_1_302' title='bbox 494 3866 655 3956; x_wconf 72' lang='lat' dir='ltr'>exarari:</span> <span class='ocrx_word' id='word_1_303' title='bbox 696 3871 729 3939; x_wconf 88' lang='lat' dir='ltr'>S.</span> <span class='ocrx_word' id='word_1_304' title='bbox 755 3867 890 3938; x_wconf 87' lang='lat' dir='ltr'>ZENO</span> <span class='ocrx_word' id='word_1_305' title='bbox 918 3864 1094 3936; x_wconf 84' lang='lat' dir='ltr'><strong>PROTE-</strong></span> 
     </span>
     <span class='ocr_line' id='line_1_60' title="bbox 330 3963 1099 4061; baseline -0.012 -18"><span class='ocrx_word' id='word_1_306' title='bbox 330 3972 412 4043; x_wconf 83' lang='lat' dir='ltr'>Ctor</span> <span class='ocrx_word' id='word_1_307' title='bbox 440 3972 702 4041; x_wconf 67' lang='lat' dir='ltr'>VERONnE.</span> <span class='ocrx_word' id='word_1_308' title='bbox 738 3967 814 4037; x_wconf 85' lang='lat' dir='ltr'>Nifi</span> <span class='ocrx_word' id='word_1_309' title='bbox 845 3965 1013 4061; x_wconf 80' lang='lat' dir='ltr'>perculsus</span> <span class='ocrx_word' id='word_1_310' title='bbox 1041 3963 1099 4034; x_wconf 85' lang='lat' dir='ltr'>hic</span> 
     </span>
     <span class='ocr_line' id='line_1_61' title="bbox 334 4062 1099 4165; baseline -0.005 -25"><span class='ocrx_word' id='word_1_311' title='bbox 334 4074 512 4145; x_wconf 83' lang='lat' dir='ltr'>Nummus</span> <span class='ocrx_word' id='word_1_312' title='bbox 540 4065 669 4147; x_wconf 82' lang='lat' dir='ltr'>suerit,</span> <span class='ocrx_word' id='word_1_313' title='bbox 709 4067 887 4165; x_wconf 60' lang='lat' dir='ltr'>postauam</span> <span class='ocrx_word' id='word_1_314' title='bbox 925 4062 1099 4136; x_wconf 82' lang='lat' dir='ltr'>Maximi·</span> 
     </span>
     <span class='ocr_line' id='line_1_62' title="bbox 269 4164 1100 4269; baseline -0.01 -23"><span class='ocrx_word' id='word_1_315' title='bbox 269 4189 272 4192; x_wconf 82' lang='grc'><strong>’</strong></span> <span class='ocrx_word' id='word_1_316' title='bbox 331 4170 450 4246; x_wconf 47' lang='lat' dir='ltr'>&gt;lianus</span> <span class='ocrx_word' id='word_1_317' title='bbox 481 4170 505 4240; x_wconf 89' lang='lat' dir='ltr'>l.</span> <span class='ocrx_word' id='word_1_318' title='bbox 536 4168 706 4269; x_wconf 79' lang='lat' dir='ltr'>Augustus</span> <span class='ocrx_word' id='word_1_319' title='bbox 744 4165 930 4241; x_wconf 80' lang='lat' dir='ltr'>secundnm</span> <span class='ocrx_word' id='word_1_320' title='bbox 968 4164 1100 4239; x_wconf 89' lang='lat' dir='ltr'>Carne·</span> 
     </span>
    </p>
   </div>
   <div class='ocr_carea' id='block_1_14' title="bbox 1207 3448 1973 3952">
    <p class='ocr_par' dir='ltr' id='par_1_16' title="bbox 1207 3448 1973 3952">
     <span class='ocr_line' id='line_1_63' title="bbox 1259 3448 1972 3552; baseline 0.007 -29"><span class='ocrx_word' id='word_1_321' title='bbox 1259 3448 1444 3523; x_wconf 84' lang='lat' dir='ltr'>Numisma</span> <span class='ocrx_word' id='word_1_322' title='bbox 1491 3479 1576 3526; x_wconf 86' lang='lat' dir='ltr'>vero</span> <span class='ocrx_word' id='word_1_323' title='bbox 1614 3478 1758 3526; x_wconf 84' lang='lat' dir='ltr'>aeneum</span> <span class='ocrx_word' id='word_1_324' title='bbox 1798 3453 1972 3552; x_wconf 87' lang='lat' dir='ltr'>lignatum</span> 
     </span>
     <span class='ocr_line' id='line_1_64' title="bbox 1207 3553 1973 3652; baseline 0.008 -28"><span class='ocrx_word' id='word_1_325' title='bbox 1207 3578 1353 3626; x_wconf 83' lang='lat' dir='ltr'>numero</span> <span class='ocrx_word' id='word_1_326' title='bbox 1381 3553 1497 3652; x_wconf 92' lang='lat' dir='ltr'>primo</span> <span class='ocrx_word' id='word_1_327' title='bbox 1523 3574 1621 3629; x_wconf 84' lang='lat' dir='ltr'>extat</span> <span class='ocrx_word' id='word_1_328' title='bbox 1642 3557 1807 3628; x_wconf 86' lang='lat' dir='ltr'>Mutinae</span> <span class='ocrx_word' id='word_1_329' title='bbox 1828 3555 1865 3627; x_wconf 92' lang='lat' dir='ltr'>in</span> <span class='ocrx_word' id='word_1_330' title='bbox 1887 3560 1973 3630; x_wconf 87' lang='lat' dir='ltr'>Mu·</span> 
     </span>
     <span class='ocr_line' id='line_1_65' title="bbox 1208 3652 1973 3758; baseline 0.008 -32"><span class='ocrx_word' id='word_1_331' title='bbox 1208 3652 1265 3728; x_wconf 89' lang='lat' dir='ltr'>seo</span> <span class='ocrx_word' id='word_1_332' title='bbox 1291 3654 1561 3747; x_wconf 86' lang='lat' dir='ltr'>Bertacchinio,</span> <span class='ocrx_word' id='word_1_333' title='bbox 1593 3658 1630 3730; x_wconf 92' lang='lat' dir='ltr'>in</span> <span class='ocrx_word' id='word_1_334' title='bbox 1656 3657 1755 3758; x_wconf 82' lang='lat' dir='ltr'>cujus</span> <span class='ocrx_word' id='word_1_335' title='bbox 1784 3659 1892 3730; x_wconf 79' lang='lat' dir='ltr'>altera</span> <span class='ocrx_word' id='word_1_336' title='bbox 1920 3656 1973 3732; x_wconf 88' lang='lat' dir='ltr'>sa-</span> 
     </span>
     <span class='ocr_line' id='line_1_66' title="bbox 1208 3757 1970 3855; baseline 0.004 -26"><span class='ocrx_word' id='word_1_337' title='bbox 1208 3757 1263 3829; x_wconf 90' lang='lat' dir='ltr'>cie</span> <span class='ocrx_word' id='word_1_338' title='bbox 1302 3757 1465 3832; x_wconf 55' lang='lat' dir='ltr'>cernitur¹</span> <span class='ocrx_word' id='word_1_339' title='bbox 1498 3781 1660 3855; x_wconf 88' lang='lat' dir='ltr'>protome</span> <span class='ocrx_word' id='word_1_340' title='bbox 1699 3760 1766 3832; x_wconf 88' lang='lat' dir='ltr'>viri</span> <span class='ocrx_word' id='word_1_341' title='bbox 1798 3757 1970 3849; x_wconf 89' lang='lat' dir='ltr'>laureati,</span> 
     </span>
     <span class='ocr_line' id='line_1_67' title="bbox 1209 3857 1973 3952; baseline 0.007 -22"><span class='ocrx_word' id='word_1_342' title='bbox 1209 3857 1446 3931; x_wconf 72' lang='lat' dir='ltr'>circumduiia</span> <span class='ocrx_word' id='word_1_343' title='bbox 1474 3858 1537 3931; x_wconf 90' lang='lat' dir='ltr'>hac</span> <span class='ocrx_word' id='word_1_344' title='bbox 1566 3861 1802 3952; x_wconf 85' lang='lat' dir='ltr'>inscriptione</span> <span class='ocrx_word' id='word_1_345' title='bbox 1833 3865 1890 3931; x_wconf 87' lang='lat'>10.</span> <span class='ocrx_word' id='word_1_346' title='bbox 1907 3864 1973 3935; x_wconf 84' lang='grc' dir='ltr'>ῘΑ.</span> 
     </span>
    </p>
   </div>
   <div class='ocr_carea' id='block_1_15' title="bbox 1208 3957 1975 4258">
    <p class='ocr_par' dir='ltr' id='par_1_17' title="bbox 1208 3957 1975 4258">
     <span class='ocr_line' id='line_1_68' title="bbox 1209 3957 1972 4035; baseline 0.003 -2"><span class='ocrx_word' id='word_1_347' title='bbox 1209 3963 1309 4033; x_wconf 88' lang='lat' dir='ltr'><strong>TRI.</strong></span> <span class='ocrx_word' id='word_1_348' title='bbox 1338 3963 1463 4032; x_wconf 78' lang='lat' dir='ltr'><strong>MAR.</strong></span> <span class='ocrx_word' id='word_1_349' title='bbox 1502 3957 1612 4034; x_wconf 78' lang='lat' dir='ltr'>VIG.&#39;</span> <span class='ocrx_word' id='word_1_350' title='bbox 1633 3967 1783 4035; x_wconf 83' lang='lat' dir='ltr'>FRAN.</span> <span class='ocrx_word' id='word_1_351' title='bbox 1811 3966 1972 4035; x_wconf 77' lang='lat' dir='ltr'><strong>MARE.</strong></span> 
     </span>
     <span class='ocr_line' id='line_1_69' title="bbox 1209 4059 1975 4154; baseline 0 -21"><span class='ocrx_word' id='word_1_352' title='bbox 1209 4059 1293 4134; x_wconf 86' lang='lat' dir='ltr'>idest</span> <span class='ocrx_word' id='word_1_353' title='bbox 1310 4062 1476 4150; x_wconf 78' lang='lat' dir='ltr'>johannes</span> <span class='ocrx_word' id='word_1_354' title='bbox 1493 4070 1633 4154; x_wconf 65' lang='lat' dir='ltr'>Jaeeous</span> <span class='ocrx_word' id='word_1_355' title='bbox 1661 4068 1847 4135; x_wconf 78' lang='lat' dir='ltr'>Toroulturs</span> <span class='ocrx_word' id='word_1_356' title='bbox 1875 4069 1975 4134; x_wconf 83' lang='lat' dir='ltr'>Mar·</span> 
     </span>
     <span class='ocr_line' id='line_1_70' title="bbox 1208 4164 1974 4258; baseline 0.008 -24"><span class='ocrx_word' id='word_1_357' title='bbox 1208 4164 1274 4234; x_wconf 77' lang='lat' dir='ltr'>chio</span> <span class='ocrx_word' id='word_1_358' title='bbox 1303 4164 1498 4258; x_wconf 82' lang='lat' dir='ltr'>Viglevani,</span> <span class='ocrx_word' id='word_1_359' title='bbox 1534 4169 1693 4238; x_wconf 68' lang='lat' dir='ltr'>franciae</span> <span class='ocrx_word' id='word_1_360' title='bbox 1719 4168 1974 4254; x_wconf 72' lang='lat' dir='ltr'>Marelcbalcus·</span> 
     </span>
    </p>
   </div>
   <div class='ocr_carea' id='block_1_16' title="bbox 330 4265 1973 4360">
    <p class='ocr_par' dir='ltr' id='par_1_18' title="bbox 330 4265 1973 4360">
     <span class='ocr_line' id='line_1_71' title="bbox 330 4265 1973 4360; baseline -0.006 -11"><span class='ocrx_word' id='word_1_361' title='bbox 330 4270 476 4350; x_wconf 86' lang='lat' dir='ltr'>racensrs</span> <span class='ocrx_word' id='word_1_362' title='bbox 506 4268 654 4344; x_wconf 85' lang='lat' dir='ltr'>foederis</span> <span class='ocrx_word' id='word_1_363' title='bbox 684 4268 782 4360; x_wconf 65' lang='lat' dir='ltr'>pasta</span> <span class='ocrx_word' id='word_1_364' title='bbox 810 4265 1001 4343; x_wconf 79' lang='lat' dir='ltr'>Veronensi</span> <span class='ocrx_word' id='word_1_365' title='bbox 1035 4266 1101 4343; x_wconf 84' lang='grc' dir='ltr'>(Ῐί-</span> <span class='ocrx_word' id='word_1_366' title='bbox 1139 4285 1170 4359; x_wconf 72' lang='lat'>13</span> <span class='ocrx_word' id='word_1_367' title='bbox 1208 4265 1251 4339; x_wconf 92' lang='lat' dir='ltr'>ln</span> <span class='ocrx_word' id='word_1_368' title='bbox 1293 4266 1402 4338; x_wconf 88' lang='lat' dir='ltr'>altera</span> <span class='ocrx_word' id='word_1_369' title='bbox 1440 4286 1536 4356; x_wconf 89' lang='lat' dir='ltr'>parte</span> <span class='ocrx_word' id='word_1_370' title='bbox 1563 4288 1668 4353; x_wconf 90' lang='lat' dir='ltr'>caput</span> <span class='ocrx_word' id='word_1_371' title='bbox 1706 4266 1863 4339; x_wconf 91' lang='lat' dir='ltr'>hominis</span> <span class='ocrx_word' id='word_1_372' title='bbox 1890 4291 1973 4339; x_wconf 81' lang='lat' dir='ltr'>cum</span> 
     </span>
    </p>
   </div>
   <div class='ocr_carea' id='block_1_17' title="bbox 328 4368 1100 4575">
    <p class='ocr_par' dir='ltr' id='par_1_19' title="bbox 328 4368 1100 4575">
     <span class='ocr_line' id='line_1_72' title="bbox 328 4368 1100 4472; baseline -0.01 -23"><span class='ocrx_word' id='word_1_373' title='bbox 328 4377 445 4449; x_wconf 77' lang='lat' dir='ltr'>vitate</span> <span class='ocrx_word' id='word_1_374' title='bbox 462 4374 596 4472; x_wconf 85' lang='lat' dir='ltr'>potitus</span> <span class='ocrx_word' id='word_1_375' title='bbox 609 4372 677 4448; x_wconf 87' lang='lat' dir='ltr'>suit</span> <span class='ocrx_word' id='word_1_376' title='bbox 690 4430 699 4464; x_wconf 96' lang='lat'>,</span> <span class='ocrx_word' id='word_1_377' title='bbox 711 4372 874 4446; x_wconf 50' lang='lat' dir='ltr'>‘Eruditis</span> <span class='ocrx_word' id='word_1_378' title='bbox 892 4368 1100 4447; x_wconf 77' lang='lat' dir='ltr'>Veronensi-</span> 
     </span>
     <span class='ocr_line' id='line_1_73' title="bbox 330 4472 1100 4575; baseline -0.006 -21"><span class='ocrx_word' id='word_1_379' title='bbox 330 4478 395 4554; x_wconf 84' lang='lat' dir='ltr'>bus</span> <span class='ocrx_word' id='word_1_380' title='bbox 406 4478 505 4554; x_wconf 87' lang='lat' dir='ltr'>illius</span> <span class='ocrx_word' id='word_1_381' title='bbox 518 4476 848 4575; x_wconf 79' lang='lat' dir='ltr'>interpretationem</span> <span class='ocrx_word' id='word_1_382' title='bbox 862 4472 1075 4549; x_wconf 83' lang='lat' dir='ltr'>commendo</span> <span class='ocrx_word' id='word_1_383' title='bbox 1089 4526 1100 4549; x_wconf 89' lang='lat'><strong>.</strong></span> 
     </span>
    </p>
   </div>
   <div class='ocr_carea' id='block_1_18' title="bbox 397 4671 944 4795">
    <p class='ocr_par' dir='ltr' id='par_1_20' title="bbox 397 4671 944 4795">
     <span class='ocr_line' id='line_1_74' title="bbox 397 4671 944 4795; baseline 0.002 -41"><span class='ocrx_word' id='word_1_384' title='bbox 397 4671 944 4795; x_wconf 51' lang='lat' dir='ltr'>¹nicenus.</span> 
     </span>
    </p>
   </div>
   <div class='ocr_carea' id='block_1_19' title="bbox 336 4845 1103 5195">
    <p class='ocr_par' dir='ltr' id='par_1_21' title="bbox 336 4845 1103 5195">
     <span class='ocr_line' id='line_1_75' title="bbox 415 4845 1101 4982; baseline -0.004 -22"><span class='ocrx_word' id='word_1_385' title='bbox 415 4896 444 4960; x_wconf 73' lang='grc' dir='ltr'><strong>Χ</strong></span> <span class='ocrx_word' id='word_1_386' title='bbox 475 4884 644 4962; x_wconf 74' lang='lat' dir='ltr'>Nummio</span> <span class='ocrx_word' id='word_1_387' title='bbox 670 4885 708 4960; x_wconf 90' lang='lat' dir='ltr'>in</span> <span class='ocrx_word' id='word_1_388' title='bbox 733 4845 900 4958; x_wconf 73' lang='lat' dir='ltr'>Vlceorina</span> <span class='ocrx_word' id='word_1_389' title='bbox 918 4887 1000 4960; x_wconf 79' lang='lat' dir='ltr'>Urbe</span> <span class='ocrx_word' id='word_1_390' title='bbox 1023 4909 1101 4982; x_wconf 86' lang='lat' dir='ltr'>per·</span> 
     </span>
     <span class='ocr_line' id='line_1_76' title="bbox 441 4989 1100 5082; baseline -0.002 -23"><span class='ocrx_word' id='word_1_391' title='bbox 441 4989 540 5066; x_wconf 81' lang='lat' dir='ltr'>cuffie</span> <span class='ocrx_word' id='word_1_392' title='bbox 567 5016 676 5065; x_wconf 90' lang='lat' dir='ltr'>unum</span> <span class='ocrx_word' id='word_1_393' title='bbox 722 4990 979 5062; x_wconf 87' lang='lat' dir='ltr'>tantummodo</span> <span class='ocrx_word' id='word_1_394' title='bbox 1000 5012 1100 5082; x_wconf 74' lang='lat' dir='ltr'>‘pro-</span> 
     </span>
     <span class='ocr_line' id='line_1_77' title="bbox 336 5087 1103 5195; baseline -0.003 -27"><span class='ocrx_word' id='word_1_395' title='bbox 336 5093 427 5171; x_wconf 87' lang='lat' dir='ltr'>serre</span> <span class='ocrx_word' id='word_1_396' title='bbox 453 5093 614 5195; x_wconf 76' lang='lat' dir='ltr'>poss&#39;um,</span> <span class='ocrx_word' id='word_1_397' title='bbox 643 5091 783 5169; x_wconf 81' lang='lat' dir='ltr'>Patavii</span> <span class='ocrx_word' id='word_1_398' title='bbox 810 5091 849 5166; x_wconf 87' lang='lat' dir='ltr'>in</span> <span class='ocrx_word' id='word_1_399' title='bbox 876 5087 1003 5164; x_wconf 87' lang='lat' dir='ltr'>Museo</span> <span class='ocrx_word' id='word_1_400' title='bbox 1029 5092 1103 5166; x_wconf 85' lang='lat' dir='ltr'>La·</span> 
     </span>
    </p>
   </div>
   <div class='ocr_carea' id='block_1_20' title="bbox 1205 4367 2045 5082">
    <p class='ocr_par' dir='ltr' id='par_1_22' title="bbox 1205 4367 1975 4879">
     <span class='ocr_line' id='line_1_78' title="bbox 1208 4367 1975 4444; baseline -0.003 -3"><span class='ocrx_word' id='word_1_401' title='bbox 1208 4367 1324 4441; x_wconf 86' lang='lat' dir='ltr'>literis</span> <span class='ocrx_word' id='word_1_402' title='bbox 1351 4367 1390 4440; x_wconf 92' lang='lat' dir='ltr'>in</span> <span class='ocrx_word' id='word_1_403' title='bbox 1417 4367 1531 4441; x_wconf 89' lang='lat' dir='ltr'>limbo</span> <span class='ocrx_word' id='word_1_404' title='bbox 1572 4370 1723 4444; x_wconf 87' lang='lat' dir='ltr'>exaratis</span> <span class='ocrx_word' id='word_1_405' title='bbox 1763 4369 1862 4439; x_wconf 79' lang='lat' dir='ltr'>NEC</span> <span class='ocrx_word' id='word_1_406' title='bbox 1889 4370 1975 4439; x_wconf 71' lang='lat' dir='ltr'>CE-</span> 
     </span>
     <span class='ocr_line' id='line_1_79' title="bbox 1210 4464 1973 4549; baseline 0.001 -7"><span class='ocrx_word' id='word_1_407' title='bbox 1210 4471 1299 4542; x_wconf 83' lang='lat' dir='ltr'>DIT</span> <span class='ocrx_word' id='word_1_408' title='bbox 1340 4472 1519 4545; x_wconf 85' lang='lat' dir='ltr'>VMBRA</span> <span class='ocrx_word' id='word_1_409' title='bbox 1563 4474 1694 4549; x_wconf 71' lang='lat' dir='ltr'>som,</span> <span class='ocrx_word' id='word_1_410' title='bbox 1745 4465 1784 4543; x_wconf 77' lang='lat' dir='ltr'>dt</span> <span class='ocrx_word' id='word_1_411' title='bbox 1830 4464 1973 4543; x_wconf 81' lang='lat' dir='ltr'>sortasse</span> 
     </span>
     <span class='ocr_line' id='line_1_80' title="bbox 1207 4570 1975 4671; baseline -0.007 -24"><span class='ocrx_word' id='word_1_412' title='bbox 1207 4576 1375 4647; x_wconf 82' lang='lat' dir='ltr'>Nicolaum</span> <span class='ocrx_word' id='word_1_413' title='bbox 1401 4575 1475 4671; x_wconf 84' lang='lat' dir='ltr'>ejus</span> <span class='ocrx_word' id='word_1_414' title='bbox 1501 4572 1616 4647; x_wconf 85' lang='lat' dir='ltr'>filium</span> <span class='ocrx_word' id='word_1_415' title='bbox 1644 4571 1797 4641; x_wconf 76' lang='lat' dir='ltr'>Comitem</span> <span class='ocrx_word' id='word_1_416' title='bbox 1822 4570 1975 4654; x_wconf 24' lang='lat' dir='ltr'>*Malos-ci</span> 
     </span>
     <span class='ocr_line' id='line_1_81' title="bbox 1207 4672 1974 4775; baseline -0.001 -26"><span class='ocrx_word' id='word_1_417' title='bbox 1207 4678 1466 4775; x_wconf 78' lang='lat' dir='ltr'>repraesentat,</span> <span class='ocrx_word' id='word_1_418' title='bbox 1507 4672 1570 4771; x_wconf 90' lang='lat' dir='ltr'>qui</span> <span class='ocrx_word' id='word_1_419' title='bbox 1613 4692 1749 4774; x_wconf 89' lang='lat' dir='ltr'>patrem</span> <span class='ocrx_word' id='word_1_420' title='bbox 1793 4697 1974 4748; x_wconf 86' lang='lat' dir='ltr'>armorum</span> 
     </span>
     <span class='ocr_line' id='line_1_82' title="bbox 1205 4775 1574 4879; baseline 0.003 -29"><span class='ocrx_word' id='word_1_421' title='bbox 1205 4781 1318 4879; x_wconf 82' lang='lat' dir='ltr'>gloria</span> <span class='ocrx_word' id='word_1_422' title='bbox 1347 4775 1574 4874; x_wconf 71' lang='lat' dir='ltr'>stquebatur.</span> 
     </span>
    </p>

    <p class='ocr_par' dir='ltr' id='par_1_23' title="bbox 1209 4876 2045 5082">
     <span class='ocr_line' id='line_1_83' title="bbox 1259 4876 2045 4974; baseline -0.004 -21"><span class='ocrx_word' id='word_1_423' title='bbox 1259 4879 1433 4953; x_wconf 81' lang='lat' dir='ltr'>Secundus</span> <span class='ocrx_word' id='word_1_424' title='bbox 1479 4883 1658 4954; x_wconf 88' lang='lat' dir='ltr'>Nummus</span> <span class='ocrx_word' id='word_1_425' title='bbox 1696 4879 1834 4952; x_wconf 91' lang='lat' dir='ltr'>nullum</span> <span class='ocrx_word' id='word_1_426' title='bbox 1876 4876 1972 4969; x_wconf 89' lang='lat' dir='ltr'>loci,</span> <span class='ocrx_word' id='word_1_427' title='bbox 2038 4960 2045 4974; x_wconf 34' lang='grc' dir='ltr'>ι</span> 
     </span>
     <span class='ocr_line' id='line_1_84' title="bbox 1209 4980 1974 5082; baseline -0.005 -26"><span class='ocrx_word' id='word_1_428' title='bbox 1209 5009 1280 5082; x_wconf 90' lang='lat' dir='ltr'>quo</span> <span class='ocrx_word' id='word_1_429' title='bbox 1330 4981 1428 5056; x_wconf 87' lang='lat' dir='ltr'>cusos</span> <span class='ocrx_word' id='word_1_430' title='bbox 1478 4981 1579 5064; x_wconf 87' lang='lat' dir='ltr'>suit,</span> <span class='ocrx_word' id='word_1_431' title='bbox 1627 5007 1754 5055; x_wconf 89' lang='lat' dir='ltr'>nomen</span> <span class='ocrx_word' id='word_1_432' title='bbox 1806 4980 1974 5071; x_wconf 88' lang='lat' dir='ltr'>exhibet,</span> 
     </span>
    </p>
   </div>
   <div class='ocr_carea' id='block_1_21' title="bbox 1212 5083 1975 5259">
    <p class='ocr_par' dir='ltr' id='par_1_24' title="bbox 1212 5083 1975 5259">
     <span class='ocr_line' id='line_1_85' title="bbox 1212 5083 1975 5259; baseline -0.005 -98"><span class='ocrx_word' id='word_1_433' title='bbox 1212 5105 1319 5186; x_wconf 83' lang='lat' dir='ltr'>atque</span> <span class='ocrx_word' id='word_1_434' title='bbox 1345 5086 1389 5161; x_wconf 90' lang='lat' dir='ltr'>ad</span> <span class='ocrx_word' id='word_1_435' title='bbox 1414 5085 1576 5162; x_wconf 88' lang='lat' dir='ltr'>eumdem</span> <span class='ocrx_word' id='word_1_436' title='bbox 1601 5089 1774 5179; x_wconf 77' lang='lat' dir='ltr'>Ioannem</span> <span class='ocrx_word' id='word_1_437' title='bbox 1803 5083 1975 5259; x_wconf 56' lang='lat' dir='ltr'>J²÷⁰i¹¹¹¹</span> 
     </span>
     <span class='ocr_line' id='line_1_86' title="bbox 1876 5206 1926 5258; baseline 0 0"><span class='ocrx_word' id='word_1_438' title='bbox 1876 5206 1926 5258; x_wconf 84' lang='lat' dir='ltr'>ra-</span> 
     </span>
    </p>
   </div>
   <div class='ocr_carea' id='block_1_22' title="bbox 0 0 2112 6005">
    <p class='ocr_par' dir='ltr' id='par_1_25' title="bbox 0 0 2112 6005">
     <span class='ocr_line' id='line_1_87' title="bbox 0 0 2112 6005; baseline 0 0"><span class='ocrx_word' id='word_1_439' title='bbox 0 0 2112 6005; x_wconf 95' lang='lat' dir='ltr'> </span> 
     </span>
    </p>
   </div>
  </div>
 </body>
</html>
