4214 6014
283 354 370 439 413
562 312 927 404 nissanrnrro
966 312 1520 401 vronsrnnsnrrrnn2
1663 261 1665 264 ’

1713 350 1804 429 4¹4

225 442 373 542 prisiae,
411 423 509 513 viii.
545 440 629 509 Erat
665 459 790 530 eorpus
826 431 986 505 incorru·
1031 440 1065 511 A
1097 432 1179 506 stica
1202 432 1335 527 effigies
1361 436 1394 506 S.
1419 434 1637 506 Anno...
1665 430 1750 507 idest
1773 442 1861 508 San·

224 563 349 642 ptum,
375 544 408 614 δι
436 536 585 612 haslura
611 534 692 610 ollis
719 532 757 608 in
785 559 884 607 crure
911 559 985 607 ma-

223 642 345 717 nifesla
370 639 480 715 adhuc
508 639 719 738 apparebat.
749 633 894 724 Iuvenis
920 634 986 708 hu-

223 746 299 843 jus,
328 743 367 818 in
393 759 509 816 aetate
539 737 672 812 virenti
704 735 863 808 violenta
891 762 985 810 mor·

222 862 260 919 te
285 842 558 924 occumbentis,
587 836 730 938 spiritus
757 834 937 911 balsamici
967 864 986 910 a

222 944 392 1021 membris
418 943 519 1018 illius
546 938 812 1038 corruptionem
840 937 986 1012 avertis-

221 1045 257 1122 se
282 1046 472 1120 videntur.
501 1046 554 1117 At
578 1040 642 1115 nist
661 1040 703 1114 de
730 1037 888 1112 hominis
909 1066 987 1112 cor·

222 1174 307 1247 pore
334 1145 426 1219 sama
453 1164 547 1219 certa
575 1143 696 1217 habita
731 1138 874 1230 suisset,
910 1139 987 1213 san·

223 1247 322 1321 sium
359 1247 514 1345 aliquem
545 1246 659 1318 virum
696 1238 846 1315 fortassis
882 1240 986 1314 inclo-

1097 532 1144 605 c‘ii
1169 532 1335 617 Ambrnfii
1359 536 1677 608 MEDIOLANI.

1148 634 1364 734 Trigesrmus
1382 632 1548 708 secundus
1566 634 1605 709 in
1628 633 1759 709 Museo·
1774 639 1859 711 Ber·

1097 734 1304 828 tacchinio‚
1340 761 1380 809 ac
1416 732 1519 835 Regii
1556 737 1644 829 apud
1672 737 1857 812 Comitem
1965 746 1968 751 '

1099 839 1290 913 Nicolaum
1320 839 1497 915 Taculum
1530 836 1765 931 conspicitur.
1802 840 1860 912 lbi

1098 938 1230 1041 insigne
1267 939 1558 1029 vicecomitum,
1595 935 1634 1012 ἃ
1670 939 1860 1040 epigraphe

1098 1046 1171 1115 PR.
1198 1047 1260 1116 st.
1289 1045 1392 1115 Dvx
1420 1043 1652 1120 MDLANI.
1688 1041 1756 1114 hoc
1791 1043 1861 1132 est,

1098 1146 1284 1236 Franciseus
1309 1145 1432 1233 storria
1458 1149 1536 1215 Dux
1562 1141 1766 1223 Mediolani,
1802 1144 1861 1217 vi·

1097 1245 1228 1320 delicet
1267 1246 1423 1340 inclytus
1458 1243 1522 1318 ille
1561 1241 1755 1337 Princeps,
1796 1244 1861 1342 qui

223 1348 320 1430 bium
350 1350 476 1448 vulgus
514 1345 565 1421 ibi
595 1343 814 1420 somniasset.
849 1345 985 1439 Explo—
1038 1349 1066 1420 B
1099 1346 1295 1423 virtutibus
1324 1347 1393 1422 suis
1420 1345 1667 1421 celeberrimos
1704 1344 1864 1443 quosque

222 1468 338 1525 ratum
365 1450 499 1524 interea
527 1447 638 1521 habeo
667 1450 865 1520 Nummum
893 1443 986 1519 hunc

223 1577 244 1625 a
271 1549 503 1648 perditiffimo
532 1548 610 1622 viro
638 1540 858 1647 percussum,
888 1547 987 1618 licli-

223 1651 385 1748 quiarum
424 1651 466 1723 ad
502 1649 606 1723 inllar
641 1647 809 1747 gellatum
841 1673 861 1720 a
897 1673 986 1744 quo·

223 1752 320 1850 piam
357 1749 484 1831 fuisse,
521 1750 575 1824 uti
612 1748 773 1824 dubitare
808 1774 879 1823 non
906 1747 988 1823 finit

228 1852 361 1927 limbus
388 1878 468 1926 eum
496 1851 533 1925 in
562 1848 669 1926 finem
698 1847 912 1948 perforatus.

276 1952 472 2053 Vigefimus
490 1952 637 2028 osiavus
661 1957 838 2026 Nummus
858 1952 896 2026 in
917 1951 990 2026 Ve'·

223 2053 360 2130 ronensr
397 2052 614 2129 Muselliano
650 2052 776 2127 Museo
811 2051 990 2136 exsistens,

225 2155 379 2254 pertinet
415 2155 458 2230 ad
492 2155 662 2245 Iohannis
689 2155 847 2229 Galeatii
884 2154 1003 2255 primi,

1098 1448 1325 1546 antiquitatis
1363 1454 1479 1524 Duces
1516 1445 1704 1544 aequavit,
1743 1448 1778 1518 δι
1814 1473 1860 1520 ex
1929 1504 1931 1509 .

1097 1549 1227 1626 humili
1267 1552 1408 1651 origine
1442 1549 1484 1624 ad
1522 1548 1696 1624 summam·
1734 1566 1861 1645 poten·
2001 1584 2006 1589 ·

1097 1651 1183 1727 tiam
1215 1651 1384 1744 pervasit.
1414 1657 1453 1725 ln
1476 1653 1585 1725 altera
1612 1647 1701 1724 facie
1729 1650 1861 1747 legitur

1096 1754 1133 1829 in
1162 1753 1336 1827 limbos.
1364 1754 1646 1828 AMBRossvs
1675 1754 1862 1824 MEDIO-

1062 1859 1263 1930 'LANs.
1312 1852 1471 1931 Circitet
1522 1856 1671 1935 Annum
1724 1848 1860 1927 Christi
1902 1919 1904 1923 ,

1096 1958 1319 2037 MCCCCL.
1351 1954 1523 2055 percussus
1550 1953 1640 2028 suit.

1146 2056 1362 2159 Trigestmus
1396 2055 1522 2130 tertius
1550 2053 1695 2151 majoris
1721 2052 1860 2128 moduli

1095 2186 1212 2234 aereus
1240 2156 1277 2230 in
1306 2156 1431 2231 Museo
1468 2153 1741 2242 Bertacchinio,
1779 2159 1861 2228 Nu·

221 2258 335 2331 Ducis
362 2255 477 2331 filium
508 2260 696 2353 Philippum
723 2257 870 2329 Mariam
899 2258 988 2330 Vire-
1030 2253 1066 2332 C
1096 2260 1220 2335 misma
1247 2258 1317 2350 est,
1354 2257 1424 2331 sive
1450 2257 1575 2331 ltalice
1601 2283 1644 2326 un
1672 2256 1862 2352 Medagiio·

222 2358 380 2432 comitem.
412 2357 545 2432 Vifitur
571 2359 623 2433 ibi
660 2358 762 2432 illius
789 2357 926 2460 Instgne
954 2358 991 2432 in

224 2458 324 2534 scuto
351 2487 430 2534 cum
468 2461 599 2534 duabus
628 2458 797 2558 Aquilis‚
834 2463 868 2534 δι
902 2462 990 2534 duo-

223 2561 287 2634 bus
315 2563 530 2662 Anguibus.
567 2559 811 2638 Circumstant
840 2562 988 2636 literae:

182 2757 185 2761 .
223 2665 455 2738 FlLsPPVS.
472 2667 656 2738 MARsA.
674 2668 791 2736 DVX.
807 2667 991 2736 MEDIO-

223 2764 316 2836 Lani
347 2761 419 2836 &o
453 2764 496 2836 ln
533 2764 661 2859 postica
697 2763 832 2862 effigies
869 2763 988 2840 §ansts

209 2861 405 2938 ·Ambrohi
427 2863 635 2937 Palloralem
656 2866 819 2937 baculum
840 2865 991 2951 sinistra,

226 2960 407 3064 flagellum
434 2963 575 3038 dextera
600 2964 777 3052 tenentis,
801 2991 881 3041 cum
908 2968 991 3041 lire-

223 3063 292 3140 ris:
321 3069 353 3138 S.
376 3068 669 3140 AMBROSIVS.
691 3067 877 3162 EPiseopuS
898 3073 991 3143 ME·

1095 2392 1164 2452 ne,
1200 2359 1346 2434 honoris
1387 2359 1503 2434 causei
1543 2355 1758 2458 percussum.
1801 2355 1860 2431 Ibi

1096 2484 1257 2558 protome
1284 2462 1447 2545 francisci
1471 2459 1608 2548 sintriae
1635 2482 1715 2530 cum
1743 2457 1863 2533 literis
1960 2465 1962 2468 ⁴

1095 2564 1180 2638 hinc
1212 2563 1294 2638 inde
1330 2562 1450 2662 positis
1478 2565 1523 2635 V.
1552 2565 1591 2633 1².
1619 2558 1758 2632 sortasse
1793 2585 1862 2657 pro

1096 2668 1200 2738 Vivat
1234 2664 1444 2751 franciscus.
1483 2665 1521 2734 ln
1557 2661 1673 2735 limbo
1709 2659 1794 2733 haec
1820 2687 1859 2733 e·

1095 2764 1860 2941 statststtstslrllsst

1096 2970 1196 3040 TER
1209 2968 1286 3040 ΕΤ.
1299 2969 1450 3041 PAClS.
1464 2968 1651 3040 AVTOR.
1663 2967 1861 3039 MCCCC·

1096 3070 1196 3143 LVI.
1226 3070 1266 3139 ln
1294 3065 1422 3166 postica
1453 3065 1549 3140 canis
1584 3065 1729 3139 innixus
1756 3067 1863 3139 arbu-

223 3167 465 3241 DlOLANl.
506 3168 679 3241 Percussus
715 3171 892 3245 Nummus
918 3170 989 3246 cir·
1033 3163 1075 3234 D*
1095 3170 1166 3257 sto,
1193 3170 1276 3242 Sole
1298 3168 1488 3244 emittente
1524 3165 1663 3241 radios.
1702 3165 1863 3240 Additur

225 3264 315 3342 citer
341 3270 489 3341 Annum
521 3271 784 3344 MCCCCXX.

275 3366 473 3468 vigesimus
502 3395 640 3459 nonus,
676 3397 720 3444 ex
752 3371 873 3447 eodem
901 3371 991 3449 Mu·

225 3468 283 3544 seo
310 3471 534 3566 depromtus,
563 3470 681 3544 virum
709 3471 855 3548 exhibet
886 3473 926 3548 in
953 3503 990 3548 e·

224 3596 298 3666 quo
326 3588 486 3641 currente
519 3569 718 3657 sedentem,
755 3597 834 3644 cum
871 3575 993 3645 lances

227 3668 341 3744 caesii
367 3668 405 3741 in
433 3668 595 3742 dextera.
625 3667 667 3742 ln
694 3671 841 3766 reliquis
869 3699 990 3769 parum
1032 3671 1035 3675 ’

226 3798 246 3843 a
275 3770 494 3887 praecedenti
521 3769 663 3890 sissent,
692 3798 732 3844 ac
759 3772 802 3846 ad
828 3774 989 3850 eumdem

223 3870 990 4072 Pbsspgggmtpgrpgmmspestszatfiemoehi'io

1095 3270 1304 3368 epigraphe:
1336 3274 1397 3342 sO.
1426 3275 1499 3344 PR.
1519 3271 1718 3344 ENZOLE
1743 3270 1862 3346 PAR·

1095 3374 1286 3446 MENSIS.
1314 3375 1464 3445 OPVS.
1775 3369 1785 3380 ³

1147 3469 1363 3568 Trigefimus
1390 3492 1536 3568 quartus
1560 3469 1599 3542 in
1626 3467 1748 3542 eodem
1774 3467 1864 3544 Mu·

1097 3570 1154 3644 seo
1182 3570 1459 3660 Bertaccbinio,
1496 3569 1671 3645 Caffidom
1711 3568 1862 3665 praesent

1080 3696 1177 3745 ‘cum
1208 3672 1358 3768 Angue,
1385 3671 1573 3770 gentilitio
1599 3669 1728 3771 insigni
1753 3674 1875 3746 vice:

1097 3770 1294 3845 comitum.
1320 3767 1560 3846 Circumstant
1586 3771 1710 3846 literae
1739 3776 1864 3845 FRan-
2007 3769 2010 3775 ’

1096 3875 1191 3963 cifras
1209 3874 1345 3946 semia
1372 3878 1474 3946 Dvx
1503 3877 1610 3950 MLs.
1630 3875 1698 3946 &o
1727 3874 1766 3968 ln
1793 3899 1859 3972 po·

1097 3974 1179 4048 slica
1204 4001 1319 4048 aream
1339 3997 1515 4071 occupant
1527 3974 1663 4050 ‘literae
1683 3999 1765 4047 eum
1784 3976 1861 4048 Co·

229 4070 400 4148 Mutinae
424 4074 642 4157 adservatur,
672 4075 776 4149 habet
804 4078 844 4152 in
872 4079 991 4155 antica
1035 4066 1183 4183 Erona
1219 4075 1452 4169 superposita.
1486 4103 1575 4176 quae
1603 4075 1768 4152 videaur
1793 4075 1865 4151 effe

228 4181 419 4272 Anguem,
455 4201 534 4262 cum
571 4174 636 4248 bac
671 4176 858 4274 epigraphe
886 4183 990 4257 PHI-

225 4276 403 4352 LtPva
431 4280 628 4350 MARIA.
662 4276 704 4350 ln
740 4277 857 4353 aversa
893 4305 992 4380 parte

136 4455 139 4460 ,
227 4377 552 4465 mmmmm,
581 4377 700 4476 supple
727 4384 824 4454 Dux.

276 4477 511 4578 Trigesimum
535 4479 686 4576 primum
704 4479 742 4552 in
759 4479 887 4555 Museo
907 4487 989 4560 Ber·

225 4577 436 4670 taccbinio,
466 4584 500 4652 or
529 4580 753 4681 Chiappinio
790 4581 851 4656 sub
877 4588 992 4663 oculis

228 4676 356 4753 habui.
392 4684 566 4752 Euntdem
592 4685 792 4783 Principem
820 4686 994 4764 ostendit.

227 4777 288 4857 lbi
316 4779 437 4852 visitur
466 4778 598 4870 insigne
618 4790 880 4865 vicecomitum
911 4817 993 4865 cum

225 4884 342 4956 literis
368 4884 595 4969 Pitttrtvs
618 4889 849 4965 mittin...
873 4897 916 4966 l).
937 4897 994 4966 M.

228 4978 318 5064 idest
342 4987 509 5057 loannes
532 4991 611 5059 Dua
631 4990 836 5068 Mediolani.
862 4997 905 5069 ln
927 5021 993 5095 po·
1083 4987 1085 4996 ¹

1099 4184 1173 4252 PR.
1199 4181 1232 4252 Sc
1258 4179 1342 4252 idest
1363 4181 1551 4265 Franciscus
1567 4180 1690 4259 Simia
1717 4178 1757 4251 ln
1779 4179 1866 4251 lint-

1079 4282 1146 4355 .bo
1175 4281 1319 4351 PAPlE
1349 4284 1667 4370 ANGLEriaeQue
1686 4281 1840 4366 Comes.

1028 4440 1030 4445 .
1150 4378 1370 4477 Trigesimus
1412 4380 1579 4479 quinilus
1618 4384 1778 4450 Veronae
1824 4377 1866 4452 in

1100 4479 1229 4558 Museo
1267 4479 1487 4554 Moselliano
1515 4481 1658 4553 visitur.
1696 4476 1751 4552 lbi
1788 4480 1867 4575 eju·

1102 4582 1197 4657 sdem
1222 4580 1353 4674 inclyti
1382 4587 1496 4658 [Meis
1530 4580 1662 4674 effigies
1700 4600 1778 4650 cum
1816 4578 1868 4654 li·

1080 4683 1217 4758 :terisc
1260 4687 1611 4758 FRANCsSCHVS
1649 4686 1766 4754 stote
1779 4684 1870 4772 ΠΛ

1104 4789 1330 4861 VlCecrmes.
1382 4791 1427 4855 ln
1469 4784 1584 4858 aversa
1622 4804 1719 4880 parte
1754 4783 1867 4877 horno

1103 4886 1204 4989 super
1227 4911 1357 4984 equum
1387 4906 1584 4956 currentem
1613 4885 1758 4964 sedens.
1788 4887 1867 4960 sao·

1103 5015 1203 5066 ceam
1240 4988 1387 5065 dearces
1423 4985 1592 5089 gestans,
1630 4985 1866 5164 ‘amplifi'
