4214 6014
280 371 371 472 aa,
594 346 963 443 orrrmrnrro
1017 345 1506 441 transumatur.
1726 379 1749 436 2
1761 380 1813 461 30

220 505 299 556 rum
338 472 470 564 luerit,
505 472 613 548 altius
648 500 726 547 eam
764 500 836 546 non
864 470 986 548 aedili·
1019 477 1065 548 .A
1107 472 1166 546 bur
1197 470 1394 564 fidelitatem
1429 466 1627 563 juraverunt
1661 465 1877 563 suprascripte

225 605 303 665 cet,
328 606 392 654 nec
417 576 601 653 aedificare
627 574 736 650 faciat
756 578 814 650 tel
842 577 987 650 consen·

126 716 137 727 ·
224 683 328 773 titt,
366 679 429 754 nifi
472 683 629 781 primum
670 679 842 778 juraverit
883 677 987 752 alteri

226 784 336 884 parti.
371 784 438 858 Sed
479 801 644 856 Lucanus
671 779 865 877 Episcopus
893 780 987 855 luam

225 885 370 962 Turrim
399 883 506 958 dietis
532 884 602 955 luis
622 880 841 955 consortibus
865 882 989 955 debeat

224 986 336 1063 facere
365 988 498 1086 jurare.
526 982 884 1072 interbalbutiebam,
911 992 992 1078 quod

223 1094 263 1163 de
287 1110 382 1186 prato
409 1087 582 1183 Episcopi,
618 1083 665 1164 ψ’
698 1088 739 1156 ds
776 1108 844 1158 tota
879 1109 991 1175 terea,

226 1219 307 1288 quae
331 1188 397 1277 suit
422 1188 519 1258 vinea
533 1236 545 1267 ,
574 1212 732 1258 remaneat
758 1185 861 1261 libera
888 1195 991 1260 Luca·

229 1319 269 1362 no
297 1291 475 1380 Episcopo,
512 1292 556 1361 ad
585 1290 663 1380 suas
697 1316 809 1360 manus
843 1290 990 1360 detinen-

1107 581 1245 649 Domino
1271 573 1444 643 Grebliebmo
1470 577 1598 643 Lucano
1627 572 1804 666 Episcopo,
1839 570 1876 642 irs

1107 704 1170 774 qua
1195 698 1404 749 tantum...
1432 678 1587 745 Dominio
1612 672 1774 763 expenfis,
1800 673 1876 768 qui·

1108 781 1167 854 bec
1199 801 1257 870 pro
1287 775 1509 870 fidelitatibus
1542 775 1646 868 sai‘iis
1680 795 1875 868 teneantur,

1108 882 1153 953 (J
1177 885 1315 952 homines
1342 878 1458 975 quibus
1484 897 1652 952 teneantur
1681 898 1739 972 pro
1766 877 1876 970 serui·

1109 985 1252 1075 tutibus,
1288 982 1405 1080 quibus
1431 982 1585 1072 expletis,
1619 1007 1673 1051 eas
1699 1007 1758 1051 non
1786 1006 1876 1051 reno·

1108 1092 1261 1170 nabunt,
1284 1109 1461 1182 perquam
1479 1082 1678 1175 fidelitatem
1704 1084 1749 1151 (9⁶
1767 1082 1876 1175 servi·

1109 1210 1207 1260 tutem
1241 1186 1369 1282 sabbam
1401 1186 1592 1278 supradillo
1624 1183 1766 1256 Domino
1792 1184 1877 1253 Gul-

1110 1291 1216 1362 iielmo
1254 1290 1407 1385 Episcopo
1447 1315 1508 1358 non
1545 1290 1750 1382 procedant,
1794 1286 1878 1384 quod

227 1396 303 1464 dam
329 1397 373 1462 θ
398 1393 570 1486 ingundam
595 1392 646 1460 cui
679 1393 735 1461 uei
768 1392 883 1487 quibus
914 1394 990 1482 pla·
1038 1405 1067 1476 Β
1110 1420 1179 1466 eam
1206 1418 1266 1462 non
1294 1392 1472 1487 excipiant.

227 1493 345 1574 suerit,
372 1490 420 1563 ita
446 1497 529 1587 quod
547 1491 594 1576 sit
620 1491 654 1562 in
673 1492 809 1564 arbitrio
837 1493 992 1590 Magistri

227 1593 386 1669 Damiani
413 1588 535 1665 Peioris
555 1598 599 1664 θ’
616 1592 733 1666 Sanfli
761 1597 905 1667 Martini
924 1603 988 1668 Ca-

227 1697 352 1777 nonici,
379 1696 423 1765 0
449 1694 582 1791 Tignosi
607 1694 769 1778 Caussdici
782 1744 794 1777 ,
826 1697 870 1776 Θ
899 1704 990 1770 Tan·

226 1799 311 1872 credi
346 1799 535 1879 Advocati,
577 1797 619 1867 (J
653 1798 814 1869 Gualtieri
846 1804 990 1871 Sarabos·

229 1923 280 1974 tae
306 1896 516 1988 Scbebattae,
553 1899 597 1968 (9⁶
622 1899 794 1972 Albertini
828 1903 992 1991 Fareioli‚

229 2005 284 2076 uel
309 1999 441 2097 majoris
474 2000 580 2095 partis
611 2026 735 2083 eorum,
770 2002 931 2073 dimittere
955 2009 995 2074 ale

229 2133 268 2178 aa
292 2125 349 2200 pro
374 2105 432 2175 via
460 2106 503 2171 Θ
529 2101 661 2175 andito.
692 2103 843 2175 Homines
870 2106 994 2200 quidem

230 2205 357 2280 Lucani
392 2203 542 2300 Episcopi
576 2205 620 2274 Θ
654 2204 793 2274 homines
823 2204 994 2296 suprascri-

1160 1494 1254 1567 Atta
1282 1495 1417 1585 suerunt
1451 1493 1526 1565 baec
1559 1492 1665 1566 omnia
1695 1489 1878 1589 praesmtia

1103 1595 1315 1693 suprascripti
1355 1593 1513 1689 Magislri
1556 1596 1715 1667 Damiani
1753 1591 1878 1666 Peioris

1109 1697 1156 1778 (γ’
1182 1698 1338 1771 Canoniti
1363 1693 1480 1768 sanda·
1507 1700 1674 1788 Martini,
1703 1693 1877 1788 Hujursre·

1108 1802 1145 1871 aii
1172 1801 1309 1872 Flebani
1333 1799 1421 1870 disin
1448 1801 1520 1870 Vico
1543 1803 1681 1894 Pelago,
1708 1798 1878 1871 Rolando·

1110 1927 1168 1998 qur
1193 1903 1350 1972 Gnidonis
1375 1901 1416 1969 de
1441 1904 1585 1995 Coppia,
1613 1901 1771 1975 Tancredi
1796 1904 1878 1971 Ad·

1111 2008 1216 2073 ·uocati
1251 2003 1409 2097 quondam
1443 2004 1645 2096 sigismundi
1680 1999 1875 2081 Advocati,

1113 2102 1244 2196 Tignofi
1269 2102 1452 2189 Caufiaici‚
1478 2099 1653 2172 Albertini
1680 2100 1820 2194 Fascioli
1838 2101 1880 2170 dr

1113 2201 1233 2275 Saniio
1275 2207 1451 2281 Donnino‚
1491 2203 1651 2272 Gberardi
1688 2206 1729 2274 de
1765 2208 1880 2274 Lava·

228 2330 354 2428 ptqrum
380 2305 539 2377 Comitum
562 2331 666 2375 ornnes
688 2306 803 2377 debent
821 2308 996 2403 suprascri·
1039 2316 1070 2385 C
1110 2332 1200 2401 gna,
1226 2311 1329 2376 Anno
1354 2303 1557 2374 Natiuitatis
1592 2304 1727 2376 Domini
1761 2304 1881 2374 Mille·

228 2432 297 2509 ptrs
331 2409 474 2481 omnibus
505 2406 616 2502 jurare
650 2408 917 2500 Calirumvrtus‚
949 2407 996 2487 dr

232 2510 339 2582 emnia
364 2537 443 2607 quae
463 2509 609 2605 superius
626 2509 783 2604 descripta
805 2511 902 2601 sunt.
929 2517 995 2584 Ta·

228 2614 306 2684 liter
328 2611 496 2702 praesatrrs
522 2612 680 2682 Dominus
706 2612 900 2683 Guiliebmus
927 2620 994 2685 Lu-

230 2740 325 2787 tauus
352 2713 525 2808 Episcopus
548 2733 605 2808 pro
628 2713 661 2804 se
683 2711 731 2791 (θ’
754 2734 812 2808 pro
834 2715 893 2803 sua
917 2737 989 2805 pao

231 2837 262 2886 te
287 2817 450 2899 obseruare
474 2814 615 2907 promisit
640 2815 861 2910 suprascriptis
892 2815 996 2904 quni

232 2904 353 2988 Comici
389 2921 429 2982 θ
462 2919 667 2984 Conemundo
706 2937 800 3008 atque
833 2923 994 3012 Superbo,

232 3019 280 3098 θ
307 3042 408 3087 rorum
435 3015 622 3086 haeredibus
648 3014 721 3093 &a
750 3015 912 3112 obligavit
939 3020 996 3108 sub

228 3139 330 3216 poena
348 3118 521 3189 Librarum
547 3119 793 3212 quingentarum
812 3121 925 3213 optimi
942 3149 996 3190 ar-

1110 2406 1189 2490 limo
1213 2405 1387 2486 Centefimo
1411 2405 1645 2503 Septuagefimo
1682 2412 1774 2480 Nono
1786 2455 1798 2487 ,
1836 2408 1879 2478 X.

1114 2513 1284 2581 Kalendas
1312 2507 1515 2589 Decembris,
1543 2508 1721 2580 indisiione
1748 2510 1845 2582 Xlll.

1165 2610 1366 2700 Bouurfilius
1391 2609 1547 2682 Notarius
1574 2611 1708 2681 Domini
1738 2615 1882 2701 impera-

1113 2712 1191 2781 toris
1218 2713 1268 2781 bis
1294 2718 1439 2782 omnibus
1465 2713 1620 2802 interfui,
1657 2713 1704 2790 (9⁹
1739 2715 1790 2784 bic
1815 2734 1882 2783 rita·¹

1112 2814 1228 2884 moriae
1253 2818 1347 2905 causa
1370 2814 1508 2908 publicis
1533 2815 1654 2886 litteris
1678 2814 1827 2914 descrips
1836 2867 1846 2888 .

1165 2918 1290 3010 Neque
1316 2916 1519 2987 omittenda
1546 2916 1626 2988 sunt
1652 2915 1785 3009 Cassam
1812 2915 1883 2989 stre

1112 3012 1262 3107 Cassera,
1293 3014 1388 3088 aliud
1417 3040 1542 3114 nempe
1570 3020 1812 3091 munitionum
1841 3042 1883 3090 ac

1114 3117 1263 3189 Accium
1291 3142 1420 3216 genus,
1447 3143 1593 3216 quarunt
1623 3118 1754 3221 figura,
1782 3138 1820 3192 ut
1840 3144 1883 3191 o·

227 3222 320 3318 genti
329 3269 340 3301 ,
376 3219 424 3299 &¹
450 3223 491 3290 ab
518 3220 566 3289 ita
591 3219 678 3304 saia
702 3217 749 3297 ψ
767 3216 902 3313 firmato
922 3222 995 3313 sue·
1044 3230 1075 3295 D
1114 3218 1230 3313 pinati
1266 3220 1380 3309 licet,
1417 3247 1436 3292 a
1473 3225 1695 3317 Dongronibus
1731 3218 1770 3298 ἃ
1798 3219 1885 3296 reli·

232 3347 291 3395 ro.
326 3321 516 3415 Supradiibi
541 3345 646 3392 autem
676 3329 741 3416 Ugo
767 3331 897 3404 Comes,
933 3331 996 3395 Co-

232 3432 428 3504 cremonam.
455 3440 549 3516 atque
571 3422 730 3518 Superbus
755 3427 861 3495 omnia
882 3425 996 3520 supea-

227 3525 349 3618 seripta
368 3524 532 3610 observare
556 3523 766 3612 promiserunt
786 3527 999 3616 suprascripto

234 3625 373 3698 Domino
398 3624 570 3692 Guiiielmo
593 3623 763 3715 Episcopo,
788 3623 913 3716 eiusque
932 3626 998 3710 sus·

235 3722 417 3819 sessoribus,
445 3721 494 3801 &¹
515 3721 599 3812 sese,
628 3724 753 3819 suosque
777 3724 901 3794 beredes
919 3725 999 3795 obii·

230 3846 396 3925 gaueeunt
424 3821 487 3916 sub
519 3826 688 3919 praedibia
720 3851 820 3920 poena
852 3825 925 3903 &a
952 3825 1000 3904 (φ

234 3950 272 4001 nt
286 3949 435 4019 perpetuo
451 3924 618 4021 praedibia
636 3931 743 3998 omnia
757 3926 856 4018 sicma
870 3946 1000 3999 tenean-

234 4053 289 4106 tur
313 4034 354 4100 ab
389 4055 491 4098 eorum
523 4052 614 4123 parte
645 4027 829 4122 supradifio
865 4031 1001 4099 Domino

234 4233 397 4325 sessoribus
435 4233 578 4323 pignoris
618 4233 740 4300 nomine
779 4236 1003 4326 obligaverunt

236 4363 338 4411 eorum
363 4335 564 4425 portionem,
599 4331 759 4426 quidquid
784 4333 831 4400 eis
854 4331 1002 4425 'pertinet

239 4440 275 4510 in
299 4435 441 4522 Colitis,
468 4437 597 4516 Terris,
624 4433 714 4504 rebus
733 4435 776 4504 θ
802 4433 1001 4516 bominibus,

217 4543 284 4609 U
309 4542 436 4608 redditu
462 4559 556 4631 atque
579 4536 728 4620 disiribirr
755 4538 788 4607 in
816 4536 925 4617 Caslro
960 4537 1004 4605 0

241 4640 279 4710 in
312 4645 408 4710 Corte
441 4645 481 4709 aa
507 4637 702 4726 Pontrcobsi‚
740 4639 773 4708 in
809 4639 921 4724 Caslro
955 4636 1003 4716 ῥ’

239 4746 339 4812 Curta
365 4737 411 4820 (γ
437 4738 586 4821 disiriilu
610 4743 649 4808 de
677 4741 852 4827 Fusciano,
889 4742 933 4809 Θ
969 4738 1004 4808 irs

240 4840 353 4928 Casino
385 4840 433 4918 ὠ*
467 4847 565 4911 Corte
591 4841 636 4909 Θ
660 4839 806 4923 disicitiu
831 4849 871 4912 de
896 4842 1002 4928 Casi-

240 4947 324 5016 iione
359 4943 429 5033 suis
462 4941 606 5010 omnibus
643 4940 778 5032 passis.
816 4943 1005 5038 Supradibii

105 5040 107 5045 λ
243 5055 310 5147 ligo
335 5052 471 5121 Comes,
497 5043 739 5125 commorans,
764 5064 860 5139 arque
884 5051 1004 5135 Super-

342 5155 434 5220 Tem.
462 5147 501 5214 V.

1115 3323 1196 3414 quis
1223 3322 1342 3391 Rocbis
1368 3318 1505 3393 diversa
1532 3322 1630 3410 fuit,
1667 3348 1883 3421 quamquam

1117 3420 1155 3495 dc
1183 3420 1257 3516 ipsa
1286 3424 1491 3519 plerumque
1517 3422 1556 3494 in
1584 3421 1784 3497 sublimiori
1804 3450 1884 3518 par·

1117 3542 1153 3593 te
1181 3522 1334 3594 Urbium
1362 3524 1396 3591 bc
1424 3521 1681 3610 Castellorum‚
1711 3544 1818 3622 atque
1843 3526 1884 3598 itt

1119 3621 1201 3692 aliis
1216 3619 1323 3692 editis
1343 3620 1432 3694 locis
1453 3620 1700 3698 statuerentur.
1716 3626 1885 3718 Castrum,

1119 3727 1205 3815 quod
1227 3717 1391 3813 Cassarum
1416 3745 1553 3812 vocant,
1581 3728 1687 3800 verba
1714 3727 1792 3802 sunt
1815 3728 1885 3803 Ni·
1908 3806 1924 3823 .

1119 3821 1215 3895 colai
1253 3820 1423 3919 Specialis
1460 3826 1544 3899 Lib.
1577 3851 1608 3919 ς.
1637 3832 1725 3924 Cap.
1753 3835 1786 3903 8.
1815 3831 1888 3905 Hi·

1119 3923 1197 3997 nor.
1238 3924 1406 3998 Siculae.
1447 3930 1503 4000 Ex
1540 3928 1699 4004 Arabum
1742 3930 1887 4030 Lingua

1119 4025 1273 4099 mutuati
1301 4024 1382 4098 sunt
1409 4033 1673 4112 nomen'ltali‚
1709 4033 1885 4132 aquibus

236 4131 411 4207 callicino
439 4137 563 4201 Lucam
585 4134 762 4223 Episcopo,
786 4129 914 4225 eiusque
929 4133 999 4221 suo
1046 4124 1078 4195 E
1118 4127 1330 4227 peculiarem
1360 4127 1458 4202 iliam
1487 4129 1635 4206 formam
1662 4133 1886 4211 construendi

1119 4236 1230 4302 Aroes
1266 4229 1465 4305 edidicere.
1498 4236 1555 4308 Ac
1591 4255 1772 4333 propterea
1811 4258 1884 4310 vox

1119 4329 1180 4403 ista
1207 4328 1371 4426 frequens
1399 4335 1556 4408 occurrit
1593 4335 1683 4428 apud
1720 4336 1886 4430 Siculos,

1122 4433 1283 4529 Apulos,
1316 4433 1351 4503 dt
1388 4435 1523 4509 Tuscos
1550 4437 1767 4536 Scriptores,
1802 4439 1886 4536 qui·

1121 4535 1184 4606 bus
1212 4532 1325 4605 multa
1352 4560 1433 4608 cum
1462 4539 1642 4611 Saracenis
1670 4539 1886 4614 consuetudo

1122 4633 1212 4707 luit.
1239 4637 1464 4735 Quamquam
1504 4666 1574 4713 non
1613 4668 1759 4742 negem,
1795 4640 1885 4739 quin

1121 4737 1189 4810 boc
1215 4735 1292 4832 ipio
1318 4741 1463 4812 nomine
1489 4741 1682 4839 fignificare
1703 4742 1886 4818 voluerint

1121 4839 1368 4937 quodcumque
1395 4840 1544 4913 Accium
1579 4871 1688 4943 genus
1721 4844 1885 4922 Civitati

1122 4960 1183 5015 aut
1208 4944 1353 5040 Oppido
1380 4939 1567 5017 dominans
1605 4954 1711 5047 atque
1747 4947 1884 5048 supere·

1120 5046 1289 5119 minens:
1327 5043 1473 5141 aliquod
1508 5064 1627 5122 tamen
1664 5051 1883 5131 discriminiu

1214 5148 1250 5216 0
1322 5257 1326 5264 .
1735 5154 1831 5230 inter
