4214 6014
280 390 363 475 527
547 351 917 443 DISSERTATIO
963 341 1493 438 VIGESIMASEPHMA
1505 407 1518 434 .
1729 349 1812 460 538

220 438 436 551 ciuiuus.
488 475 798 569 stiismn.
850 470 885 544 is
938 470 986 544 eii
1019 473 1066 544 n
1122 466 1336 556 ,uenimus
1365 463 1482 539 sextus
1508 462 1547 536 in
1579 460 1708 539 museo
1735 468 1920 540 nazari·

221 582 389 676 Gregorius
413 581 454 648 de
480 579 713 671 Montobriga,
740 581 850 651 Anno
877 573 985 648 Chri-

223 680 263 755 sti
290 680 488 754 MCCLll.
514 675 717 751 Patriarcha
743 674 986 752 renuntiatus.

155 801 159 808 '
273 787 398 856 Sextus
428 785 627 870 Nummus,
653 777 692 852 in
719 776 848 852 Museo
873 780 987 854 Laza-

218 910 258 962 ra
295 881 476 971 exsistens,
515 882 559 954 ad
599 880 761 955 eumdem
802 883 987 975 Gregorium

224 985 294 1087 jam
332 985 571 1059 consecratum
608 980 767 1081 spesiat,
804 1007 884 1055 curii
911 979 988 1078 epi·

222 1088 353 1188 graphe
388 1090 427 1160 in
464 1085 583 1158 antica
627 1086 864 1158 GREGOrr'ur
906 1086 988 1157 PA-

224 1188 428 1263 T'Rlareba.
484 1186 638 1261 Pollicae
692 1211 807 1260 aream
851 1185 989 1277 Aquila

224 1287 377 1383 implet,
404 1313 484 1364 cuni
510 1287 626 1362 literis
652 1287 691 1361 iii
708 1288 824 1362 limbo
842 1290 988 1381 AQVI-

225 1390 415 1466 LEGIA.¹

278 1493 492 1591 Septimus,
536 1490 725 1581 Oiiarus,
772 1487 812 1565 δι
862 1495 988 1565 Nonus

226 1593 400 1678 Nummi,
425 1621 445 1669 e
471 1593 740 1669 Blauchini'anis
767 1592 900 1668 schedis
928 1593 987 1667 de-

224 1695 370 1793 scripti,
404 1695 449 1770 ad
484 1694 596 1794 ipsum
629 1693 841 1794 Gregorium
879 1694 986 1792 perti·

226 1817 333 1870 irent.
350 1796 491 1872 Lilium
511 1799 550 1870 in
571 1795 694 1896 primis
714 1798 872 1898 duobus3
888 1801 987 1872 Crux

227 1895 266 1970 in
293 1898 402 1972 tertio
431 1896 572 1972 visitur.

279 1998 470 2081 Decimus,
498 1997 744 2091 Undecimus,
779 2027 819 2075 ac
848 2001 990 2077 Duode-

228 2099 363 2182 cimus,
390 2127 435 2176 ex
462 2099 585 2175 iisdem
617 2100 751 2176 schedis
785 2104 990 2202 depromii,

229 2202 294 2274 hac
321 2201 509 2302 epigraphe
535 2200 696 2304 infigniti
738 2202 842 2278 suut:
886 2209 992 2279 RAI·

1107 568 1242 642 exllat.
1279 566 1334 644 lbi
1379 564 1600 642 Patriarchae
1643 567 1763 666 imago
1789 590 1871 641 cuni

1107 670 1296 771 epigraphe
1330 672 1603 745 OTOBONVS
1645 671 1870 743 PArriercba.

1108 776 1149 846 ln
1188 773 1315 871 postica
1350 770 1452 846 illius
1486 769 1636 871 insignia
1677 773 1712 845 ἃ
1744 769 1873 846 literae

1108 876 1500 968 AQVILEGENSIS.
1544 873 1688 950 Eleslus
1732 870 1764 946 is
1803 871 1874 950 suit

1109 981 1218 1054 Anno
1245 974 1380 1050 Christi
1407 979 1584 1052 MCCCI.
1750 1047 1753 1054 f

1160 1079 1329 1152 Decimus
1376 1078 1577 1178 septimus,
1629 1078 1682 1155 ibi
1733 1105 1876 1179 quoque

1109 1180 1331 1272 adservatus,
1370 1180 1471 1255 hasce
1519 1182 1640 1263 literas
1678 1181 1871 1256 continet:

1111 1286 1309 1357 PAGAnus
1337 1282 1621 1374 PATRr'aredA,
1648 1282 1780 1358 elesius
1804 1283 1875 1358 cir·

1035 1399 1065 1471 B
1109 1387 1198 1462 citer
1224 1391 1372 1460 Annum
1392 1382 1532 1469 ,Christi
1558 1389 1803 1462 mcccxix.
1832 1390 1876 1457 ln

1109 1488 1226 1563 aversa
1255 1508 1352 1588 parte
1378 1489 1531 1581 Turris,
1557 1489 1632 1589 ejus
1655 1486 1812 1590 insigne,
1836 1487 1875 1558 de

1110 1594 1422 1684 AQviLesm.

1161 1693 1330 1766 Decimus
1370 1692 1518 1767 asianus
1562 1691 1694 1767 ibidem
1724 1689 1876 1767 visitur}

1112 1792 1265 1868 Praefert
1308 1799 1392 1867 verb
1438 1795 1611 1893 Deiparae
1651 1796 1876 1893 imaginem,

1113 1921 1254 1994 puerum
1282 1894 1397 1986 Jesuin
1426 1893 1465 1968 in
1486 1897 1580 1970 ulnis
1598 1895 1783 1994 gestantis,
1810 1895 1876 1969 hac

1111 1995 1299 2096 epigraphe
1339 1998 1680 2071 BERTRANDVS
1728 1997 1876 2071 Patriae·

1111 2102 1186 2171 cha.
1236 2101 1348 2172 Anno
1399 2095 1534 2171 Christi
1576 2101 1877 2173 MCCCXXXV.

1111 2199 1268 2274 eledus.
1294 2203 1329 2273 A
1359 2218 1459 2300 tergo
1484 2199 1621 2298 Aquila
1648 2224 1727 2273 cuni
1756 2198 1875 2274 literis

227 2306 456 2379 MVNDVS.
503 2306 729 2378 PArrr'arcba.
779 2305 822 2378 In
865 2306 992 2405 postica
1035 2311 1067 2384 C
1114 2304 1500 2395 AQVlLEGENSIS.

228 2407 617 2500 AQVILEGENSIS.
648 2410 679 2480 ls
706 2405 753 2480 etl
779 2415 994 2504 Raymurrdrrs

227 2509 267 2578 de
291 2510 326 2580 la
353 2514 479 2597 Turre,
522 2510 619 2607 cujus
655 2507 826 2609 inhgnia,
868 2537 993 2609 nempe

227 2611 376 2698 Turris,
402 2608 441 2683 iii
470 2611 622 2684 Decimo
651 2614 811 2684 Nummo
838 2611 992 2712 spedian·

228 2727 313 2812 tur;
359 2711 494 2811 Aquila
522 2718 606 2786 verb
641 2730 703 2787 aut
740 2713 866 2803 Lilia,
911 2743 991 2790 cum

229 2812 402 2909 Deiparae
428 2812 608 2912 imagine,
635 2810 674 2887 in
701 2815 827 2889 ceteris
854 2815 991 2913 conspi-

228 2911 392 2986 ciuntur.
428 2913 463 2986 Is
489 2913 623 2988 elesius
646 2912 718 2988 fuit
745 2919 855 2989 Anno
881 2917 990 2992 Chri·

226 3011 270 3087 sti
297 3018 562 3088 Mchxxii.

280 3114 450 3190 Decimus
477 3119 627 3208 tertius,
665 3117 709 3193 ad
736 3118 898 3195 eumdem
927 3125 992 3195 Pa-

1164 2402 1333 2478 Decimus
1360 2430 1474 2477 nonus
1501 2408 1679 2479 Nummus
1704 2429 1723 2478 e
1748 2401 1877 2480 Museo

1112 2505 1332 2580 Muselliano
1373 2505 1592 2606 descriptus,
1632 2506 1675 2580 ad
1712 2507 1876 2582 eumdem

1114 2608 1344 2684 Bertrandum
1373 2606 1528 2708 lpeslat.
1557 2607 1597 2682 ln
1623 2606 1744 2684 antica
1770 2606 1878 2685 Crux

1112 2709 1148 2784 ὅ(
1181 2715 1324 2784 Deus.
1351 2709 1588 2784 Circumstant
1614 2710 1738 2784 literae
1763 2713 1877 2785 BER-

1111 2815 1356 2898 TRANDvs
1371 2805 1669 2887 :Psineuris
1702 2816 1742 2886 In
1771 2809 1878 2912 polli-

1112 2917 1150 2988 cli
1179 2914 1324 3010 effigies
1364 2912 1505 2997 seneli,
1547 2939 1627 2988 cum
1662 2912 1876 3013 epigraphes

1112 3018 1478 3090 s.HeiMACHORas
1494 3018 1879 3111 AQVILEGIeNSIS.

1164 3115 1388 3217 Vigellmus,
1417 3117 1549 3191 ibidem
1579 3117 1804 3205 adservatus,
1831 3116 1876 3190 ad
2032 3124 2035 3130 ’

227 3215 418 3291 triarcbam
460 3219 665 3318 pertinens,
705 3217 744 3296 ἀ
785 3220 824 3295 in
863 3220 993 3298 Museo
1041 3228 1072 3296 D
1111 3219 1274 3299 cumdem
1312 3221 1542 3293 Bertrandum
1572 3217 1747 3316 pertinet,
1793 3219 1878 3293 &a

218 3321 363 3393 ¹Lazari
390 3317 616 3404 adservatur,
643 3321 727 3397 duas
746 3321 900 3414 Claves,
922 3325 990 3425 lpi-

227 3420 368 3493 ritalem
398 3448 524 3520 nempe
551 3449 591 3495 ac
627 3425 858 3520 temporalem
893 3445 992 3522 pote·

225 3517 347 3594 liutem
388 3520 610 3609 indicantes,
649 3520 820 3620 limulque
861 3528 993 3598 Turres

227 3621 335 3710 duas,
371 3620 619 3694 celeberrimae
652 3624 771 3719 gentis
795 3624 993 3698 Turrianae

156 3767 158 3769 ·
229 3718 402 3822 infignia,
430 3719 600 3821 praefert,
637 3748 717 3797 cum
747 3720 993 3822 inscriptioni·

229 3824 315 3904 bus,
343 3822 448 3897 utin
477 3823 763 3923 praecedentibus
802 3827 992 3903 Nummis.

251 3990 253 3995 .
278 3925 450 4000 ,Decimus
471 3945 636 4025 quartus,
656 3925 791 4000 ibidem
811 3929 993 4020 exsiliens,

227 4025 304 4116 liic
319 4025 508 4126 epigraphe
532 4027 682 4127 ignatus
704 4027 772 4102 est:
804 4032 994 4106 PETRVS

1083 3369 1085 3372 -
1113 3322 1336 3421 praecedenti
1362 3347 1484 3420 parum
1512 3322 1653 3396 differt·
1798 3394 1824 3401 .-

1165 3421 1381 3520 Vigesimum
1419 3423 1578 3521 primuni¹
1615 3421 1762 3518 poffidet
1798 3419 1877 3497 Co-

1114 3550 1186 3594 mes
1213 3528 1348 3596 Laziia
1375 3521 1413 3595 in
1440 3520 1501 3594 suo
1543 3521 1688 3594 Museo.
1727 3521 1770 3593 {n
1797 3547 1878 3596 area

1114 3624 1271 3696 Leonem
1300 3621 1405 3694 habet
1431 3641 1639 3695 coronatum
1667 3621 1878 3720 creuisps

1113 3723 1237 3817 dibus,
1256 3746 1361 3821 quem
1383 3747 1446 3796 iios
1468 3726 1684 3818 appellamus
1704 3733 1878 3819 Rumpun-

1113 3847 1168 3906 re,
1195 3851 1274 3898 cuni
1302 3822 1438 3907 literis:
1482 3827 1704 3898 MONETA
1734 3829 1879 3900 NICO-

1113 3930 1215 4002 Lai.
1244 3930 1283 3999 ln
1312 3929 1420 3999 alteia
1449 3943 1546 4024 parte
1581 3922 1683 4000 Crux
1724 3923 1763 3998 ἃ
1789 3924 1875 4000 lite·

1112 4054 1189 4104 rae:
1221 4027 1512 4102 PATRr'arclAE
1542 4025 1875 4121 AQVILEGenlis·

230 4131 561 4218 PATRIARKA,
587 4128 890 4221 elesiuscirciter
915 4137 995 4206 An·
1038 4126 1069 4195 Ε
1113 4130 1176 4204 iste
1211 4133 1340 4210 Anno,
1363 4123 1715 4215 Christusnccct..
1736 4128 1876 4235 elesius

228 4228 314 4305 nuru
351 4224 486 4304 Christi
523 4231 767 4323 mccxcix.
807 4231 850 4305 In
877 4233 994 4307 aversa

228 4354 328 4450 parte
356 4322 492 4431 Aquila
519 4356 599 4405 cum
631 4330 852 4404 Patriarchae
885 4334 994 4409 avitis

228 4432 422 4534 insignibus
450 4431 601 4527 visitur,
642 4434 678 4507 ἃ
704 4431 822 4509 literis
846 4438 994 4532 nQvi
1039 4505 1040 4509 ,

230 4538 486 4612 LEGENSIS.

286 4639 472 4711 Decimum
493 4636 681 4736 quinslum
700 4606 860 4715 adservat
874 4639 912 4715 in
932 4637 996 4715 suo

233 4733 361 4814 Museo
389 4739 581 4812 Veronensi
615 4740 822 4817 Musellius.
861 4742 915 4817 lbi
951 4740 996 4814 h·

235 4837 337 4927 miles
364 4835 560 4938 figurae&
596 4839 746 4941 insignia
771 4842 995 4940 conspiciun-

233 4960 313 5028 tur,
339 4942 374 5012 ἀ
402 4939 651 5037 inscriptiones
689 4945 876 5021 PETRVS
912 4950 997 5024 PA-

233 5043 428 5149 gnanin
451 5045 842 5160 agripinensis.

1112 4230 1364 4431 fiiiiiigelimu's
1388 4331 1554 4409 secundus
1584 4331 1740 4408 ibidem.
1762 4333 1878 4430 lna·

1110 4460 1170 4525 rea
1195 4433 1342 4509 exhibet
1376 4434 1614 4529 duoS'ceptra
1649 4433 1767 4507 liliata
1794 4456 1877 4507 oum

1111 4536 1300 4637 epigraphe
1334 4539 1576 4621 ΜΟΝΙίΤΑΙ
1597 4535 1879 4610 ῙΝΒΟῊΕΙ.’

1111 4640 1210 4714 Hinc
1237 4637 1330 4713 inde·
1346 4639 1415 4731 duo
1442 4637 1575 4737 sceptra
1602 4633 1765 4712 visuntur
1789 4633 1875 4708 lite·
1993 4640 2007 4668 ·‘

1111 4767 1169 4816 rae
1203 4744 1237 4817 L
1267 4744 1319 4824 V.¹
1338 4739 1693 4838 nempessludouieus.
1736 4740 1774 4808 hi
1811 4760 1881 4835 po·.

1110 4842 1194 4919 llicl
1219 4841 1355 4939 Aquila
1380 4865 1466 4928 cum,
1489 4839 1604 4914 literis
1630 4839 1876 4924 inminu-

1112 4948 1221 5021 CHA
1248 4944 1609 5038 AQVlLaGENSr‘s,
1636 4938 1770 5025 eleblue
1793 4941 1877 5015 Aa·

1112 5074 1164 5141 na
1187 5043 1323 5140 cirini
1347 5045 1633 5147 miccium.
1723 5094 1726 5099 .
1877 5116 1881 5124 ,
2023 5080 2038 5111 -.

1149 5132 1313 5223 K'k'a
1665 5189 1670 5198 -
1756 5102 1865 5220 vi...

1939 5150 1991 5204 Χ..
