4214 6014
267 298 359 389 att
550 296 1476 422 Antrournnaorrnarr
1707 313 1800 402 ne

207 419 325 491 versos
354 412 509 518 Populos
536 419 712 507 attraxit,
740 427 803 523 qui
830 423 873 498 ad
900 450 974 500 ma·
1008 429 1043 502 A
1088 427 1235 498 Annum
1265 425 1546 503 Mcctxxxt.
1565 423 1607 502 de
1635 426 1758 503 eadem
1781 444 1859 527 per-

111 581 114 584 <
203 513 317 614 jorem
346 548 513 622 pompam
536 521 627 598 illuc
655 553 723 597 eum
752 528 823 621 suis
859 532 975 602 Camo-
1070 526 1289 602 mutatione
1329 531 1607 613 canoniorum,
1649 549 1688 604 ut
1714 530 1857 617 discas,

204 619 263 690 ciis
290 636 505 700 convenere.
533 628 695 703 Honoris
722 632 829 707 etiam
859 631 975 706 caused
1087 650 1222 730 quanto
1243 631 1280 704 in
1300 630 1434 706 honore
1455 631 1546 707 soret
1564 632 1736 733 ejusmodi
1760 630 1859 707 Cur·

205 725 386 801 Carrociis
411 727 473 825 ipsi
493 752 623 804 nomen
645 732 765 809 indere
784 732 974 810 consueve-
1087 759 1189 807 tuum
1218 731 1444 809 institutum.
1470 739 1665 827 cambium,
1706 735 1857 835 inquit,

206 847 311 902 runt.
348 831 448 905 Audi
487 833 728 912 Rolandinum
759 841 840 912 loco
874 837 974 938 supra
1088 836 1132 907 (J
1174 838 1366 933 permutatio
1404 837 1499 929 sacia
1542 838 1584 926 esi
1627 867 1693 911 eum
1740 862 1856 934 magno

208 928 353 1006 laudato
377 934 429 1007 ita
445 935 650 1034 loquentem
670 940 712 1014 de
727 939 865 1042 origine
885 945 973 1015 Car·
1084 942 1206 1036 gaudio
1231 945 1271 1029 de
1296 939 1453 1011 Carroriir
1478 941 1628 1037 acceptis,
1654 942 1736 1012 inter
1761 948 1858 1012 Com·

121 1070 124 1076 ·
204 1031 296 1106 rocii
326 1036 513 1112 Patavini:
532 1042 706 1136 Respiciet
725 1045 825 1141 supra
851 1046 974 1118 usitare
1089 1069 1181 1112 mune
1208 1048 1343 1115 Parmae
1369 1071 1406 1113 en
1431 1069 1496 1114 una
1518 1063 1635 1142 parte,
1680 1045 1725 1113 θ’
1759 1053 1856 1113 CM·

204 1132 336 1226 masorir
360 1140 518 1227 Ecciefiae
556 1147 732 1218 Paduarrae
768 1150 803 1219 in
835 1147 975 1246 pia‘iuris
1090 1171 1181 1216 mune
1207 1150 1377 1217 Cremonae
1401 1173 1439 1216 ex
1457 1147 1550 1218 alit:
1575 1146 1653 1243 quia
1674 1166 1742 1243 part
1765 1142 1856 1232 saffo

202 1241 311 1337 pulcre
351 1241 399 1320 &²
434 1243 602 1340 artificiose
633 1249 830 1345 praemiiis,
869 1236 982 1321 Mila-'
1091 1246 1174 1341 inter
1198 1274 1247 1317 eos
1272 1269 1361 1319 erat.
1389 1253 1520 1343 Propter
1546 1250 1601 1318 hoc
1618 1244 1741 1318 dissum
1759 1252 1855 1318 Com-

193 1369 279 1414 ·nem
303 1363 378 1414 tum
411 1347 604 1440 Episcopum
642 1350 861 1436 Padaanum,
905 1352 974 1426 Ra·
1013 1349 1040 1420 Β
1089 1374 1182 1418 mune
1206 1354 1377 1420 Cremonae
1397 1350 1515 1439 incepit
1533 1353 1609 1422 bene
1631 1350 1734 1440 satore
1741 1355 1754 1431 ,’
1779 1348 1857 1447 quia

200 1470 276 1559 gem
315 1449 515 1530 corradum,
556 1450 604 1530 Θ
644 1458 808 1553 Reginam
852 1483 975 1529 uxorem

206 1566 277 1639 eyter
302 1548 426 1620 nomine
451 1557 603 1628 Bertam.
643 1565 737 1651 Quae
763 1559 895 1654 Regina
918 1579 974 1649 pe·

205 1647 265 1722 tiit
305 1671 365 1747 pro
398 1655 519 1749 Populo
553 1660 711 1730 Paduano
745 1689 768 1732 a
793 1669 903 1756 Rege,
938 1678 976 1730 ut

196 1751 379 1826 ‘Paduanis
399 1756 543 1849 gratiam
563 1757 706 1850 saceret,
752 1781 789 1831 ut
822 1757 975 1850 aedifica·

207 1871 280 1947 rent
304 1856 506 1946 Carrocium,
533 1865 618 1955 quod
640 1863 685 1930 eis
710 1863 827 1936 Attila
845 1870 975 1958 Tyran-

210 1981 272 2026 nus
296 1957 489 2044 desirnaerut
514 1957 588 2038 &a
608 1966 818 2038 intercedente
844 1966 976 2062 Reginoi

210 2055 304 2148 issam
326 2063 470 2155 gratiam
488 2097 489 2101 ¹
509 2064 710 2141 habuerunt.
765 2069 975 2167 Fuigenriffi-

209 2187 295 2232 mum
320 2161 459 2250 seterunt
483 2167 684 2250 Carrocium,
735 2169 782 2250 ὠ
809 2176 854 2243 ad
879 2170 977 2262 ipfius

1090 1449 1151 1546 ipsi
1171 1450 1313 1540 secarunt
1337 1455 1437 1522 vaide
1462 1450 1539 1523 bene
1559 1476 1749 1548 praeparare
1774 1460 1860 1524 Car·

1090 1551 1204 1623 rooium
1230 1557 1386 1641 Parmae,
1422 1550 1470 1631 ἐν
1503 1555 1634 1651 pingere
1672 1561 1712 1627 de
1746 1568 1858 1627 nevo-⁴

1091 1654 1135 1725 (t
1169 1653 1245 1744 serit
1272 1654 1353 1747 fieri
1395 1658 1554 1726 Vexillum
1579 1662 1619 1728 de
1648 1658 1777 1730 novo.·'
1799 1654 1857 1753 qm·

1090 1757 1256 1828 Carrociur
1281 1761 1453 1830 uocabatur
1478 1760 1702 1833 Bianrardus.
1731 1764 1778 1830 Et
1800 1758 1857 1830 di·

1091 1857 1137 1929 cli
1171 1861 1388 1952 Cremonenses
1420 1858 1544 1931 atnam
1578 1863 1758 1934 Carrarium
1783 1887 1858 1933 ern-

1091 1961 1249 2032 duxerunt
1269 1963 1364 2059 super
1391 1962 1580 2048 Disirisium
1616 1969 1776 2049 Parmae,
1817 1963 1859 2034 irr¹

1091 2063 1174 2144 loro,
1202 2064 1400 2137 ubidicitur
1424 2066 1658 2146 Arainosdum,
1699 2092 1766 2136 cunr
1792 2064 1857 2133 rri-

1092 2161 1151 2235 bus
1173 2167 1277 2261 pariis
1303 2167 1436 2248 bobum,
1471 2168 1616 2262 coopertis
1636 2157 1785 2263 ‘purpuras
1808 2163 1859 2243 (a

196 2263 359 2360 ,Reginae
393 2269 571 2340 memoriam
615 2269 662 2348 ὠ
699 2274 841 2345 bonorem
877 2274 978 2362 impe·
1014 2293 1047 2365 ρ
1092 2270 1254 2358 zendali,·
1281 2268 1328 2349 (φ
1356 2270 1402 2341 ibi
1426 2267 1549 2339 dicium
1576 2270 1756 2342 Carrocium
1788 2295 1858 2339 curn

202 2365 338 2459 suerunt
362 2370 508 2442 Carrorr'o
534 2398 643 2443 nornen
670 2382 794 2447 Beata:
819 2404 880 2473 quo
904 2376 978 2471 qni·

209 2474 282 2538 dem
308 2471 430 2540 nomine
455 2493 588 2543 uocatur
612 2476 704 2546 hodie
743 2481 788 2548 (9¹
812 2477 979 2551 vocabitur

211 2567 248 2640 in
274 2590 457 2646 aeternum.
496 2574 660 2650 Putidam
689 2576 843 2654 fabulam
871 2605 977 2653 nemo

210 2698 296 2753 uon,
330 2674 430 2754 videt
479 2675 735 2758 incentoria
776 2683 819 2754 ab
854 2682 977 2772 Attiia

213 2792 271 2846 tot
306 2793 390 2847 ante
424 2780 547 2848 Secula
583 2778 784 2853 confraiio.
821 2782 885 2853 Sed
914 2780 976 2863 bo·¹

209 2901 275 2947 nus
292 2875 534 2990 Rolandinue,
554 2879 713 2980 egregius
730 2882 867 2982 alioqui
883 2881 976 2957 Scri-

211 2995 293 3077 ptor
318 3004 432 3051 rerum
462 2978 514 3052 sut
541 2982 734 3080 temporis,
761 2985 800 3059 in
825 3013 866 3059 eo
886 3013 975 3086 quo-

209 3107 278 3178 que
315 3078 472 3162 fallitur,
508 3084 603 3178 quod
646 3092 828 3160 conradum
855 3098 975 3180 Regem

1091 2371 1187 2439 bobus
1210 2371 1385 2459 praedieiis
1405 2369 1452 2454 fic
1476 2373 1624 2461 coopertis
1642 2374 1794 2442 dederunt
1812 2373 1858 2440 (9³

1093 2471 1293 2557 restituerunt
1317 2469 1404 2542 ditia
1429 2475 1596 2544 Communi
1620 2480 1781 2546 Parmae.
1809 2477 1860 2544 Ee

1090 2575 1144 2643 die
1179 2574 1345 2644 Dominico
1374 2574 1519 2667 sequenti
1555 2575 1636 2645 aitte·
1674 2575 1860 2662 Parmensrs

1089 2672 1213 2742 dissum
1253 2674 1433 2744 Carrocium
1469 2681 1618 2745 Parmam
1643 2679 1858 2746 conduxerunt

1090 2799 1158 2843 curn
1184 2801 1298 2870 magno
1320 2775 1441 2871 gaudio
1467 2774 1514 2853 (γ’
1541 2778 1695 2850 laetitia.
1723 2776 1786 2850 Sed
1815 2792 1858 2850 ut

1091 2875 1306 2951 luculentius
1348 2875 1551 2977 intelligas,
1592 2878 1718 2975 quanti
1756 2876 1859 2951 aeni·
1903 2929 1907 2938 ·

1091 2996 1247 3053 manetur
1273 2979 1405 3078 jadiura
1433 3001 1493 3054 aut
1519 2982 1739 3076 recuperatio
1768 2984 1859 3054 Car·

1043 3162 1052 3174 x
1089 3079 1203 3167 rocii,
1243 3082 1320 3178 lege
1357 3080 1465 3153 eriam
1507 3109 1595 3178 quae
1637 3081 1855 3181 sequuntur:
1914 3094 1918 3099 '

208 3181 289 3254 heic
316 3183 418 3254 nobis
445 3183 628 3259 obtrudit.
668 3190 865 3264 Henricum
909 3193 973 3263 IV,
1012 3204 1047 3273 1)
1089 3185 1139 3252 Et
1164 3179 1304 3266 Potestas
1330 3182 1490 3251 Civitatis
1517 3183 1671 3253 Mutinae
1697 3212 1764 3254 turn
1787 3211 1858 3254 ma·

209 3287 365 3385 Regem,
411 3285 578 3360 Tertium
629 3289 724 3365 inter
772 3292 973 3394 Augustos,

210 3383 403 3485 fignificare
447 3387 623 3477 illeaut
668 3413 781 3490 puto,
827 3396 973 3486 voluit,

207 3490 306 3588 eujus
342 3516 433 3564 uxor
460 3489 588 3565 Bertha
617 3496 801 3573 Patavinis
841 3495 972 3574 carissi·

209 3619 266 3665 ma
294 3589 415 3681 fuisse,
442 3594 476 3666 ἃ
504 3594 594 3693 apud
621 3625 682 3673 eos
717 3601 826 3675 etiam
853 3619 973 3676 tumu-

208 3695 313 3795 lum,
339 3692 457 3767 nescio
484 3723 527 3769 an
555 3717 652 3776 certo
679 3702 845 3796 artiore,
871 3704 973 3779 inve·

206 3793 293 3867 nisse
329 3796 501 3873 traditur.
538 3803 623 3896 Quo
668 3825 786 3881 autem
828 3808 974 3897 nomine

207 3891 375 3973 Carrocia
424 3899 482 3975 sua
526 3899 784 3982 Cremonenses
826 3913 861 3981 8<
891 3906 972 3984 Par·

205 3998 339 4069 menses
367 4001 641 4097 distinguerent,
669 4007 845 4079 indicavit
870 4012 972 4082 nobis

1085 3309 1155 3379 gna
1180 3288 1363 3380 quantitate
1389 3287 1587 3375 Magnarum
1621 3282 1728 3357 uitta
1758 3285 1859 3356 Civi-

1089 3385 1191 3475 tatis,
1218 3383 1266 3471 &¹
1291 3385 1388 3458 etiam
1415 3387 1509 3458 multi
1534 3391 1572 3457 de
1607 3387 1755 3465 Ciuitate
1789 3396 1860 3460 Re·

1086 3487 1140 3585 gii
1148 3493 1160 3569 ,'
1188 3487 1316 3560 iverunt
1342 3497 1519 3572 Parmam,
1558 3494 1600 3558 ti
1628 3491 1676 3560 iii
1697 3492 1858 3585 gaudium

1087 3590 1380 3677 demonstraverunt
1406 3602 1445 3663 de
1470 3593 1554 3664 aina
1580 3595 1744 3666 Carrocio.
1776 3596 1858 3667 Per*

1088 3690 1143 3794 git
1169 3691 1285 3767 dicere
1312 3693 1530 3778 ermaricus,
1568 3721 1587 3767 a
1616 3693 1856 3770 Parmensrbus

1089 3822 1230 3894 quoque
1271 3798 1445 3869 redditum
1475 3798 1574 3870 fuisse
1610 3797 1855 3872 cremonenfi·

1090 3897 1153 3971 bus
1180 3923 1298 3970 eorum
1328 3897 1537 3973 Carrocium
1565 3928 1633 3970 cum
1666 3902 1769 3971 tribur
1794 3928 1856 3996 pa-

1088 4001 1148 4069 riis
1173 4002 1263 4071 boum
1289 4001 1434 4091 coopertis
1457 4002 1591 4091 scarlato
1617 4000 1664 4080 &⁹
1685 4003 1826 4098 syndone
1835 4031 1858 4092 ,-

206 4102 421 4190 Anonymus
451 4100 590 4174 Ausim
609 4101 785 4178 chronici
806 4109 972 4182 parmen.
1012 4111 1041 4186 Ε
1088 4102 1145 4196 qui
1170 4107 1335 4176 Carrocius
1360 4106 1533 4178 vocabatur
1558 4111 1686 4181 Beria.
1714 4103 1857 4180 Mirum

205 4197 247 4277 fis
283 4202 404 4274 Tomo
433 4205 494 4274 lx.
524 4207 603 4291 tter,
632 4204 787 4283 Italicar.
814 4209 855 4283 ad
894 4217 971 4286 An-

205 4330 290 4381 num
335 4304 619 4382 Mchxxxt.
646 4307 840 4388 describens
875 4317 969 4391 resti-

206 4407 383 4497 tutionem
431 4406 611 4510 utrimque
661 4409 789 4489 saiiam
831 4421 972 4492 Camoni

202 4509 403 4592 Parmensis,
453 4519 536 4605 quod
580 4512 754 4588 vocabatur
797 4523 969 4618 Regaliano

202 4615 359 4693 Parmae,
387 4616 430 4685 (J
456 4616 689 4703 Cremonensss,
728 4626 810 4717 quod
834 4629 969 4699 uocaba—

205 4738 258 4786 tur
282 4717 474 4810 Gajarriru.
547 4787 550 4789 ,

253 4823 374 4916 Atque
429 4817 510 4893 heic
568 4822 717 4901 minime
764 4827 968 4911 reticenda,

203 4937 292 5005 quae
318 4920 421 4995 habet
467 4923 604 5001 aanor
639 4929 813 5004 Chronici
850 4931 968 5004 Esten-

202 5011 243 5097 fis
263 5017 383 5096 'soma
406 5028 485 5115 XV.
511 5025 765 5115 Rombitaiicar.
787 5027 832 5107 ad
854 5029 967 5154 ipsum
1051 5043 1063 5121 ι
1087 5020 1244 5103 mouens.
1263 5021 1343 5101 suae
1367 5024 1503 5132 patriae
1525 5028 1732 5103 Catrocium
1757 5023 1855 5097 affir-

1089 4200 1156 4292 est,
1201 4224 1418 4304 quantopere
1463 4207 1637 4281 discordes
1679 4208 1772 4279 inter
1821 4204 1859 4279 se

1089 4303 1221 4379 suerint
1249 4307 1384 4383 hiduo
1424 4306 1615 4388 Historici.
1665 4303 1856 4382 Parmensis

1090 4405 1234 4494 scribit,
1282 4411 1453 4485 Carrocio
1494 4404 1726 4482 Parmensium
1754 4405 1858 4484 fuisse

1090 4537 1219 4585 nomen
1240 4512 1430 4608 Regulium,
1457 4506 1749 4595 Cremonensrum
1774 4517 1860 4587 uero

1090 4613 1273 4706 Gajardus:
1303 4631 1425 4684 contra
1453 4609 1595 4685 Esteofis
1621 4609 1855 4690 Cremonenfi

1090 4740 1217 4787 nomen
1259 4720 1401 4807 Bartae,
1446 4718 1481 4788 ἃ
1524 4715 1695 4790 Parmensi
1724 4743 1856 4795 nornen

1090 4815 1265 4889 Blanrardi
1289 4814 1437 4892 tribuit.
1464 4819 1571 4914 Quod
1599 4818 1708 4902 novi,
1738 4827 1856 4895 Anto·

1090 4919 1167 4993 nius
1195 4917 1302 4991 etiam
1331 4921 1501 5019 Campius
1528 4921 1566 4994 in
1601 4922 1733 4999 Histoe.
1766 4922 1859 4996 Cre·

1729 5140 1806 5197 mat
