4214 6014
207 368 461 547 isimon,
485 332 1487 543 Gnrgpanppppftorprpfflppppppnp{a
1512 454 1608 529 rerer
1634 375 1804 532 cision.

154 558 220 657 pi,
255 555 304 637 &¹
330 561 369 631 G.
407 554 581 650 Praepositi
615 553 756 628 Sansiae
790 556 925 643 Clarissi-

156 687 242 750 nae,
284 658 331 740 (a
368 658 547 748 Presbyteri
584 658 700 745 Petri,
742 659 926 751 Presbyteri

155 760 329 855 Araunia,
357 758 401 828 O·
430 759 564 830 Domini
591 759 732 827 Milonis
751 759 791 827 de
817 760 925 832 Radi-

155 862 285 952 rts'ano,
312 862 356 932 O*
382 859 530 953 Gregorii
557 859 677 930 Coroni
694 864 724 948 J
727 858 851 941 udicis,
877 861 926 942 ἐφ’

157 964 318 1036 Trebatii
358 965 577 1033 orbevetanae
615 959 770 1042 Ecclesiae
804 963 927 1034 Archi·

48 1060 55 1066 ’
153 1065 312 1144 diaconi,
349 1063 392 1131 θ’
413 1061 579 1153 Jobannis
605 1060 744 1153 ejusdem
771 1064 928 1146 Ecclesiae

153 1165 338 1238 Primicerii
346 1213 357 1244 ,
391 1164 438 1242 (φ’
467 1162 598 1233 Arsotti
610 1212 622 1244 ,
660 1164 704 1232 (θ’
729 1163 926 1248 Perticarii,

1033 559 1108 629 tem
1135 559 1200 632 ΙΙΙ.
1231 559 1390 656 Papam,
1424 554 1464 632 &
1491 560 1656 631 Senatum
1686 561 1817 657 Popu-

1032 659 1178 754 lumque
1216 660 1449 749 Romanurn,
1490 685 1595 756 quarn
1634 658 1727 734 dabo
1762 660 1804 734 in

1033 757 1290 834 Dissertatione
1338 762 1454 834 XLII.
1494 764 1533 832 de
1572 764 1804 859 cognominare

1031 861 1174 958 origine,
1202 864 1262 936 ubi
1288 862 1443 938 Romani
1470 863 1591 962 ajunt:
1621 870 1685 938 As
1707 886 1804 961 praa

1026 961 1099 1055 sens
1134 967 1296 1036 reddimus
1330 965 1423 1038 vobis
1448 970 1601 1037 Senatum
1612 1012 1624 1046 ,
1660 967 1705 1036 Ο·
1742 973 1804 1040 Ur-

1032 1063 1122 1155 bem,
1150 1064 1196 1145 &⁴
1225 1073 1394 1141 Monetam
1420 1065 1534 1165 (idest
1570 1066 1605 1137 sa
1640 1070 1739 1140 Zecca
1765 1069 1803 1140 Ι-

1032 1167 1185 1267 talice).
1225 1177 1347 1241 Tamen
1381 1172 1422 1241 de
1455 1174 1593 1242 Moneta
1617 1166 1803 1240 babebimus

155 1264 204 1344 (φ
241 1265 427 1360 Stephani,
463 1260 510 1340 (γ’
546 1264 733 1334 lidibrandi
766 1268 927 1349 Sacrani,
1030 1269 1161 1340 tertiam
1184 1293 1333 1367 partem.
1370 1270 1437 1346 sed
1470 1271 1564 1344 hunc
1591 1265 1802 1344 dominandi

156 1364 205 1444 (θ’
231 1367 378 1458 Gnoseo,
406 1368 450 1436 (r
475 1366 644 1436 multorum
669 1366 831 1458 aliorum,
868 1371 926 1465 qui
965 1363 993 1434 Β
1032 1368 1234 1465 pruritum,
1272 1398 1377 1470 quem
1414 1397 1515 1471 aegre
1544 1373 1700 1468 Populus
1720 1374 1801 1442 uo-

156 1468 207 1540 t'bt‘
230 1471 388 1541 aderam.

204 1575 277 1666 Ego
318 1567 495 1665 Pingarius
533 1593 599 1642 rem
633 1568 755 1668 gellam
784 1569 924 1669 scribere

151 1694 282 1770 rogatus
303 1670 441 1762 scripfi.

206 1877 332 1974 ltaque
346 1874 527 1971 Affortiati
535 1925 546 1958 ,
561 1872 600 1949 &
617 1875 784 1967 infortiari
802 1875 922 1974 (quod

154 1974 249 2049 idern
279 1977 350 2076 esi)
379 1976 549 2075 appellati
576 1976 671 2049 suere
702 1981 847 2050 Denarii
876 1978 923 2050 il·

52 2167 53 2171 *
152 2076 183 2150 li
223 2079 266 2151 ab
300 2079 511 2175 Affstrtiare,
550 2078 644 2176 quod
681 2078 726 2152 est
763 2080 923 2162 Munna,
959 2118 996 2197 C

150 2180 323 2269 firmare,
344 2179 550 2271 Fortifienre.
577 2186 776 2255 Romanurn
804 2198 921 2254 autern

152 2282 332 2381 Populum
373 2281 544 2380 usurpasse
590 2309 708 2356 revera
750 2283 804 2380 jus
844 2282 920 2357 auri

1031 1495 1154 1546 manue
1190 1474 1410 1565 deponebat,
1448 1472 1622 1547 facillime
1660 1470 1800 1564 etiam,

1029 1572 1170 1669 quoties
1198 1574 1266 1649 sese
1303 1576 1439 1651 occasio
1473 1573 1668 1655 offerebat,
1704 1570 1801 1646 resu-

1029 1699 1122 1749 mere
1150 1675 1358 1751 consucvit.
1398 1681 1584 1774 Propterea
1611 1689 1705 1775 'quae
1738 1701 1799 1774 per

1029 1776 1133 1850 cunia
1169 1778 1333 1878 deinceps
1369 1777 1585 1853 inchoetis
1617 1776 1799 1852 -Romanit

1029 1874 1128 1973 saepe
1154 1879 1287 1977 legitur
1311 1879 1594 1967 Provenientium,
1622 1876 1692 1952 stuc
1719 1884 1800 1949 Pro·

1028 1979 1068 2048 ui
1082 2004 1225 2059 enorum,
1252 1979 1295 2051 de
1321 2004 1391 2076 qua
1416 1976 1622 2051 sermo'etit
1648 1979 1687 2050 in
1716 1975 1800 2050 Dis·
1855 2025 1864 2036 ι

1031 2076 1220 2153 sertatione
1248 2077 1500 2177 subsequenti,
1532 2077 1667 2174 pecunia
1694 2083 1799 2148 Sene·

1031 2200 1084 2250 tus
1111 2179 1372 2277 appellabatur.
1408 2179 1510 2251 Libra
1544 2203 1686 2277 quoque
1711 2183 1799 2248 Par·

1031 2280 1175 2367 venfinm
1200 2288 1359 2372 Senatus,
1395 2278 1460 2353 nisi
1486 2278 1527 2353 fit
1554 2296 1738 2379 corruptus
1764 2277 1798 2354 it

153 2400 216 2456 aut
243 2382 380 2481 argenti
407 2384 549 2483 publice
584 2383 767 2484 fignandi,
804 2388 920 2462 eluce-
1031 2386 1152 2474 locus,
1179 2382 1212 2457 se
1240 2383 1331 2457 mihi
1355 2384 1459 2456 offert
1484 2381 1523 2455 in
1543 2377 1704 2474 Charta,
1730 2405 1798 2455 no-
1870 2431 1872 2435 .

150 2507 190 2556 re
214 2483 326 2584 potest
362 2511 381 2560 e
417 2485 606 2560 concordia
641 2491 752 2561 Anno
788 2485 920 2561 Christi
1002 2478 1087 2584 ibis
1112 2486 1156 2559 ab
1182 2486 1307 2560 eodem
1334 2483 1471 2562 Cencio
1498 2480 1653 2559 iurata.

180 2711 491 2801 Instrumentuni
523 2715 571 2802 de
601 2717 773 2832 quadam
805 2714 1103 2804 renuntiatione
1135 2715 1197 2803 sea
1228 2699 1491 2826 resutatione,
1520 2741 1641 2832 quant
1672 2706 1768 2799 lecit

339 2832 520 2915 Domino
552 2840 676 2946 Papae
708 2836 894 2920 Honorio
926 2840 1000 2923 ΙΙΙ.
1035 2833 1242 2922 Pandulsus
1273 2836 1376 2921 filius
1406 2836 1609 2949 quondam
1655 2889 1658 2895 ·
1750 2833 1759 2855 ’

518 2948 711 3061 Johannis
740 2950 847 3037 Petri
876 2953 924 3038 dc
955 2951 1114 3062 Judice.
1146 2959 1269 3037 Anno
1304 2983 1431 3066 1²17·
1558 3056 1565 3072 ,

145 3195 235 3381 IN
257 3194 381 3268 nomine
408 3191 563 3268 Domini.
599 3201 704 3268 Anno
732 3194 916 3269 Dominicae
961 3198 997 3267 D
1029 3195 1073 3266 tl·
1097 3194 1274 3268 utilitatem
1304 3195 1402 3292 ipsus
1428 3195 1565 3271 Domini
1589 3200 1699 3295 Papae
1724 3200 1796 3268 llo·

221 3298 453 3372 incarnationis
491 3297 668 3382 Millefimo
705 3299 918 3381 Ducentesimo

147 3401 276 3475 Decime
301 3399 469 3488 Septimo,
499 3398 541 3466 Θ
567 3404 670 3470 Anno
696 3400 805 3489 Primo
830 3407 917 3470 Pors-

147 3499 291 3593 tificatus
332 3498 467 3571 Domini
507 3499 643 3568 Honoris
683 3502 744 3570 ill.
783 3505 917 3587 Papae,

59 3627 63 3633 ·
148 3600 331 3675 intillione
363 3603 398 3667 Υ.
429 3599 542 3685 Mense
566 3597 686 3690 Aprili
720 3597 772 3667 die
808 3601 918 3668 xxlt.

147 3707 223 3794 Ego
257 3701 382 3796 quidem
417 3697 600 3783 Pandulsus
631 3695 727 3786 filius
761 3700 918 3794 quondam

138 3802 307 3898 Johannis
342 3799 434 3872 Petri
467 3805 508 3870 de
532 3800 680 3890 sotice,
716 3821 792 3871 ante
824 3822 918 3896 prae·

141 3904 282 4000 sentiam
308 3900 513 3974 Dominarum
540 3903 791 3997 Megisleorum,
821 3901 916 3993 scili·

146 4027 201 4080 cet·
220 4005 355 4085 Fortis,
385 4003 517 4075 Domini
542 4008 652 4091 Papae
679 4003 833 4088 Notarii,
872 4003 916 4074 Θ·

1028 3296 1111 3366 narii
1138 3295 1184 3373 ῥ’
1205 3297 1403 3391 successorum
1439 3300 1528 3390 ejus,
1566 3321 1661 3394 atque
1695 3319 1795 3368 totius

1029 3405 1194 3468 Romanae
1223 3398 1380 3480 Ecclesiae
1414 3420 1586 3494 perpetuo,
1623 3397 1701 3482 idesl
1727 3425 1794 3467 ons·

1028 3522 1098 3566 nem
1123 3498 1212 3567 litem
1238 3501 1282 3568 Θ·
1305 3500 1514 3594 petitionem,
1539 3524 1634 3593 quarn
1659 3507 1793 3568 denota-

1027 3613 1059 3662 to
1085 3597 1221 3666 Domino
1254 3605 1364 3694 Papae
1400 3598 1538 3668 Honorio
1571 3598 1652 3685 (eci,
1685 3597 1793 3694 petii,

1024 3714 1128 3790 petere
1152 3697 1207 3765 vel
1229 3697 1331 3785 secere
1362 3700 1476 3790 potui,
1510 3700 1662 3771 videlicet
1685 3702 1727 3770 de
1750 3725 1792 3769 ts-

1027 3794 1162 3881 niuersis
1191 3800 1353 3889 expensis,
1382 3827 1461 3899 quas
1487 3826 1620 3898 tempore
1645 3801 1706 3871 mei
1730 3808 1792 3872 Se·

1026 3918 1122 3972 natus
1146 3903 1186 3970 de
1213 3915 1364 3975 mandato
1389 3908 1548 4001 quondam
1574 3902 1707 3975 Domini
1733 3907 1792 3973 ln-

1024 4000 1162 4074 nocentii
1187 4008 1298 4098 Papae
1324 4009 1385 4079 lli.
1409 4006 1500 4098 seri,
1536 4025 1604 4077 tam
1633 4004 1667 4074 iss
1692 4003 1792 4091 cusso-
1830 4065 1868 4119 x.

147 4105 405 4193 Bartholomaei,
441 4112 605 4175 Romanae
639 4105 759 4175 Curiae
793 4110 915 4178 Adve-
958 4104 985 4171 E
1022 4103 1151 4175 diendit
1168 4107 1291 4179 Stratis
1310 4108 1448 4204 undique
1466 4108 1502 4180 in
1521 4106 1672 4188 circuitu,
1694 4110 1791 4204 quim

149 4210 237 4297 tati,
267 4209 311 4277 θ
336 4205 581 4301 subscriptorum
606 4204 756 4293 tesiium,
792 4210 837 4277 ad
862 4209 916 4280 boe

144 4310 327 4403 specialiter
363 4304 567 4404 segniorum,
599 4306 729 4405 propria
763 4331 832 4378 mea
856 4334 915 4379 vo·

147 4413 275 4484 suntote
314 4413 492 4498 renuntio,
533 4407 580 4490 l?
619 4411 654 4479 in
690 4409 832 4480 omnibns
867 4408 914 4488 &¹

144 4534 203 4611 per
231 4513 334 4591 omnio
363 4519 458 4587 causei
494 4509 720 4596 transas‘sionis
752 4514 913 4605 generali·

147 4635 197 4686 ter
223 4617 323 4702 rasura
348 4619 440 4686 uobis
463 4622 536 4686 vest
566 4613 732 4686 Dominis
764 4615 912 4686 Pendul-

149 4709 189 4789 so
220 4713 435 4789 Norwicensi
474 4713 620 4804 ulcero,
656 4718 690 4788 δι
729 4717 912 4790 sinibaldo

145 4818 302 4893 Domini
343 4818 451 4912 Papae
490 4812 644 4888 Honoris
672 4820 909 4910 camerariis,

144 4920 416 5011 mandatariisqne
430 4923 472 4987 U
490 4922 735 5012 procuratoribus
750 4924 909 5008 eju‘dem,

142 5033 188 5117 ad
221 5024 277 5121 ¹loc
304 5020 488 5123 specialiter
520 5020 719 5112 constitutis,
752 5027 799 5098 ad
833 5049 909 5120 spur

1024 4204 1058 4276 in
1093 4205 1232 4291 cusiodia
1270 4209 1469 4300 diuersarum
1510 4209 1668 4295 Urbium,
1704 4215 1792 4278 Tur-

1023 4305 1132 4388 rium,
1169 4331 1249 4403 quas
1283 4337 1368 4384 meas
1391 4314 1437 4384 ad
1462 4338 1576 4383 mansos
1599 4315 1639 4381 de
1663 4307 1790 4390 consilio

1025 4408 1169 4478 Virorum
1202 4412 1393 4503 prudentum
1425 4436 1483 4506 pro
1514 4435 1593 4504 pace
1617 4411 1661 4479 (θ’
1686 4417 1790 4504 quiete
1939 4476 1942 4479 ,
2034 4402 2039 4411 ’

1017 4509 1124 4600 senili
1150 4513 1275 4602 synodi
1295 4517 1351 4584 ves
1377 4513 1535 4595 concilii,
1556 4514 1613 4606 sets
1633 4513 1668 4580 in
1686 4512 1788 4593 aiiirs

974 4659 977 4668 ·
1024 4635 1103 4705 quae
1137 4625 1181 4682 aa
1213 4638 1318 4705 pacem
1343 4619 1388 4687 Θ·
1417 4617 1617 4709 securitatem
1651 4612 1787 4685 venien-

1023 4714 1104 4782 tium
1123 4715 1168 4784 ad
1187 4714 1320 4798 Urbem,
1346 4740 1436 4790 erant
1454 4715 1641 4813 necessaria,
1667 4713 1757 4784 tenui
1765 4738 1788 4802 ‚⁴

1023 4815 1131 4911 easque
1156 4816 1237 4888 mibi
1264 4815 1373 4888 disiut
1397 4821 1473 4891 olim
1506 4819 1665 4891 Dominus
1697 4823 1788 4891 Pane

1003 4946 1088 4990 ‚sum
1115 4945 1239 4990 munere
1264 4921 1391 4992 reddere
1412 4947 1449 4993 ac
1474 4920 1644 5007 restaurare
1668 4921 1788 5015 prorni-

1013 5021 1086 5109 fit.
1113 5028 1335 5121 Quocunque
1360 5023 1469 5119 itaque
1485 5020 1546 5122 jus
1557 5071 1572 5107 ,
1597 5021 1645 5119 (a
1673 5051 1786 5120 quam

1604 5151 1734 5227 mlius
