4214 6014
319 389 337 445 Ι
376 404 382 421 e

224 381 511 547 nisideiideriun
540 467 592 545 ita
618 470 891 571 inspiravitnm
917 475 984 544 Re·

201 571 412 646 ‘verendiss
444 576 481 646 P.
512 572 556 644 D.
575 574 782 646 Alexandro
808 571 987 670 Chiappi·

226 673 290 748 nio
309 672 445 747 Abbati
464 671 731 748 Canonicorum
758 675 985 773 Regularium

223 773 510 850 Lateranenstum
542 777 769 866 Placentiae,
798 797 872 848 turn
901 779 986 848 Μῦ-

224 874 322 948 tinae
349 875 526 973 peramico
553 877 634 949 viro
660 878 865 951 Alexandro
903 879 987 951 Ber-

225 973 429 1064 tacchinio,
466 1000 505 1051 ut
531 981 602 1080 jam
631 999 777 1076 uterque
804 1005 875 1050 non
903 1003 987 1050 con·

224 1076 449 1150 temnendam
478 1082 614 1180 copiam
644 1079 843 1178 hujusmodi
873 1084 987 1153 Num-

224 1203 364 1252 morum
391 1177 430 1252 in
456 1178 516 1256 sua
534 1179 655 1255 Musca
676 1182 886 1254 intulerint.
913 1185 988 1254 Ne·

226 1303 296 1376 que
331 1279 513 1355 moleslum
553 1282 700 1358 Lebiori
739 1280 897 1355 futurum
923 1308 988 1378 pu-

550 349 920 443 DISSERTATIO
966 343 1519 455 ΙΙΙΘΕΒῙΙΙΙΑΙΕΡΤΙΜΑ.1
1714 374 1812 462 Μ

1021 472 1058 544 n
1094 463 1285 566 producto.
1312 463 1354 538 In
1382 461 1511 564 posttea
1537 461 1582 536 en
1603 461 1722 538 eaden
1746 466 1858 567 figur.
1915 525 1917 531 s

1094 565 1351 666 triangularis,
1377 564 1534 640 diversae
1559 568 1689 639 tamen
1705 566 1784 641 sunt
1811 569 1861 643 li·

1095 689 1188 742 terae
1215 669 1458 767 interpositae.

1145 776 1252 860 Juvat
1278 771 1385 844 etiam
1417 771 1541 844 addere
1566 768 1654 843 duos
1681 775 1859 847 Nummos

1095 872 1137 945 ad
1179 872 1331 966 vetustos
1380 877 1491 971 Reges
1535 875 1658 972 Anglo
1704 877 1858 949 Saxones

1095 973 1313 1072 spesiantes,
1349 972 1388 1048 δε
1423 979 1561 1047 Romae
1595 973 1793 1049 adservatur
1819 974 1861 1067 in

1084 1074 1221 1158 ,Museo
1248 1074 1473 1149 eruditissimi
1508 1070 1863 1174 Equitis-Francisci·

1096 1176 1275 1251 Vislorii.
1292 1164 1356 1252 'ln
1390 1178 1508 1276 p'riore'
1542 1176 1675 1278 legitur
1701 1166 1871 1253 cocu&

1097 1280 1232 1352 VVLF
1270 1279 1565 1354 RElleollica
1611 1274 1858 1379 praeferebas

223 1398 285 1466 to,
326 1378 349 1452 fi
385 1377 423 1455 ἃ
461 1382 551 1457 alios
595 1382 762 1484 quosdam
812 1387 989 1458 Nummos
1029 1398 1059 1471 Β
1096 1381 1222 1454 literar
1242 1384 1291 1455 A.
1317 1397 1363 1458 ω.
1388 1384 1468 1455 EA.
1495 1381 1538 1455 ln
1574 1382 1686 1455 altero
1712 1368 1873 1455 habetu'r'

224 1478 409 1580 subjiciam
463 1503 562 1559 extra
609 1483 751 1558 Italiam
795 1484 988 1583 perculsos,

224 1607 313 1678 quos
357 1582 395 1656 in
441 1585 690 1686 conquirendis
734 1585 873 1661 Italicis
917 1583 1006 1662 sors.

225 1683 317 1758 mihi
343 1686 524 1762 obtulit.
672 1785 674 1794 y

226 1887 482 1980 ANGLIAE,
510 1890 544 1963 δι
571 1893 787 1966 SCOTIAE
816 1894 987 1965 REGES.

331 2094 443 2167 Omae
454 2089 492 2166 in
507 2050 636 2168 Museo
651 2092 858 2170 Sabbatinio
874 2099 989 2169 Num·

357 2219 434 2268 mus
460 2215 643 2296 argenteus
671 2194 817 2285 visitur,
860 2198 902 2270 ad
929 2222 988 2269 nn·

1097 1480 1181 1555 haec
1217 1482 1425 1582 epigraphe:
1465 1485 1596 1556 OFFA
1634 1487 1753 1556 REX.
1790 1486 1871 1557 1³0--

1097 1582 1179 1657 stica
1193 1585 1359 1657 exhibet:
1382 1581 1645 1660 EDELVAL.
1666 1584 1736 1659 Sed
1747 1608 1870 1683 quant

1098 1685 1144 1773 do
1179 1684 1355 1783 Anglicos
1391 1705 1525 1761 veteres
1548 1687 1861 1761 -Nummost'illu⁴

1098 1786 1217 1860 stravit
1245 1787 1426 1859 Fronteine
1451 1791 1490 1862 in
1512 1787 1764 1863 Dissertatione
1782 1787 1861 1861 edi-

1084 1889 1134 1959 th
1170 1889 1229 1958 ab.
1263 1887 1462 1979 Hickefio,
1508 1886 1603 1962 nihil
1640 1887 1736 1962 aliud
1781 1887 1873 1992 sub-²

1066 2002 1288 2087 ‘pungams
1621 2042 1626 2051 .
1694 2038 1700 2052 ·

1148 2093 1323 2184 Quartum
1346 2093 1544 2166 Nummum
1564 2087 1766 2195 argenteum
1788 2091 1862 2168 Ti·

1098 2191 1171 2265 cini
1197 2190 1437 2275 adservatum,
1464 2193 1505 2266 ad
1528 2220 1590 2267 me
1605 2192 1725 2286 misit,
1748 2211 1859 2294 'quum

224 2293 368 2390 tiquum
397 2320 505 2371 unum
534 2298 690 2398 Angliae
717 2302 850 2399 Regem
880 2297 988 2396 perti·
1030 2307 1063 2379 (ζ
1101 2292 1267 2374 vivebat,
1293 2291 1440 2368 Clariss.
1460 2296 1548 2368 olim
1569 2296 1769 2369 Monachus
1792 2299 1861 2370 Be-

224 2416 333 2467 nens.
365 2399 402 2468 ln
430 2398 547 2472 antica
576 2419 672 2495 parte
699 2398 783 2473 haec
803 2397 990 2496 epigraphe

222 2493 376 2593 legitur:
408 2502 683 2575 COENVVLF
713 2505 833 2574 REX.
861 2499 911 2573 ln
928 2526 986 2596 po·

222 2593 306 2668 sllcd
334 2596 400 2677 hae
423 2599 548 2679 literae
575 2612 750 2702 apparent'
769 2605 821 2676 T:
844 2604 890 2674 Α.
909 2604 988 2673 ΕΑ.

223 2696 400 2786 lohannes
439 2705 653 2778 bromtonus
695 2730 772 2803 pag.
802 2703 888 2801 796.
916 2700 988 2774 edi-

222 2797 335 2872 tionis
363 2803 621 2896 Londinensts‚
658 2805 803 2894 scribit,
832 2804 988 2902 Sigebcr·

224 2916 266 2972 to
293 2901 555 2976 Wellsaxonum
589 2911 682 3006 Rege
709 2903 855 3003 expulso
880 2909 989 2978 Anno

223 2996 359 3076 Christi
403 3009 640 3081 DCCLlllV.
680 3006 749 3099 ejus
794 3011 857 3076 loco
896 3013 988 3078 Ken-

222 3102 380 3191 wolsum,
424 3108 573 3200 juvenem
608 3109 766 3205 egregium
802 3114 844 3179 de
881 3107 990 3202 Regia

214 3200 315 3297 stirpe
340 3210 529 3293 oriundum,
556 3212 591 3282 ie
619 3219 738 3306 Regem
757 3209 854 3301 super
883 3214 987 3303 Popu'·

1099 2393 1297 2467 nediuinus
1325 2398 1407 2468 Don
1434 2397 1566 2495 Gal'par
1593 2395 1773 2470 Berettus.
1803 2396 1860 2472 lbi

1098 2494 1252 2568 cernitur
1278 2515 1383 2596 caput
1411 2497 1516 2595 Regis
1544 2525 1623 2573 cum
1659 2501 1863 2597 circumpo-

1082 2596 1158 2669 'stta
1185 2594 1440 2696 Inscriptione:
1471 2602 1726 2688 HENRlCVS
1754 2603 1796 2672 D.
1813 2605 1859 2672 G.

1098 2702 1215 2785 AGL,
1243 2702 1367 2773 FRA.'·
1392 2701 1472 2772 ET.
1495 2703 1594 2774 HIB.
1610 2718 1613 2726 '
1631 2704 1739 2774 REX.
1775 2701 1859 2774 idest

1097 2802 1250 2870 Henrv'rus
1270 2801 1335 2871 Dei
1348 2802 1461 2896 gratv‘d
1481 2803 1649 2898 Angliae,
1678 2802 1858 2893 Franclae,

1049 2925 1050 2928 ’
1096 2899 1143 2978 &¹
1169 2899 1346 2973 Hiberniae
1366 2911 1463 2976 Rex.
1492 2902 1534 2976 In
1561 2903 1689 3002 postici
1714 2899 1868 3003 exhibe-f

1087 3019 1154 3074 tur
1178 2999 1312 3101 infigne
1339 3006 1475 3102 Regum
1502 3004 1659 3105 Angliae
1695 3030 1775 3078 cum
1796 3004 1860 3078 'li-

1096 3103 1180 3176 teris
1208 3106 1349 3177 Posvl
1375 3108 1521 3179 DEVM
1544 3109 1857 3180 ADIVTOREM

1097 3207 1273 3279 MEVM.
1301 3203 1362 3279 Ad
1388 3232 1578 3305 quemnam
1613 3235 1656 3282 ex
1693 3204 1862 3281 Heneicia
1934 3203 1937 3210 ’

221 3304 290 3377 lum
317 3310 509 3398 Wellsaaeiae
528 3309 624 3403 suvffe
658 3308 809 3378 eleHum.
854 3312 987 3380 Verum
1027 3331 1062 3398 Ι)
1096 3306 1252 3403 Regibus
1297 3305 1429 3405 spedlet
1475 3313 1652 3383 Nummus
1663 3363 1675 3400 ,
1724 3306 1858 3383 eruditi

221 3428 295 3477 non
323 3405 381 3478 hic
408 3408 448 3480 in
476 3413 637 3482 Nummo
672 3405 875 3506 designatus*
897 3405 989 3479 mihi

192 3517 193 3520 ’
225 3506 408 3590 creditur,
446 3507 502 3583 sed
524 3509 735 3596 ,Codnvulsus
768 3506 986 3580 Merciorum
1018 3546 1021 3556 ·

172 3652 174 3656 ·
221 3603 263 3683 in
291 3607 476 3684 Britannia
504 3615 603 3692 Rex,
630 3609 692 3709 qui
721 3612 831 3681 Anno
852 3603 988 3681 Christi

224 3708 463 3785 Dccxcvu
483 3711 655 3806 imperare
681 3709 819 3806 coepit.
845 3708 987 3783 Simeon

223 3811 469 3886 Dunelmenfis
504 3814 546 3889 de
583 3813 696 3889 Gestis
733 3817 869 3911 Regum
910 3813 988 3881 An·

225 3911 364 4008 glorum
393 3915 434 3987 ad
461 3943 540 3990 eum
570 3922 715 3990 Annum
738 3912 880 3987 scribit:
910 3917 988 3983 Coe·-

225 4011 304 4100 melf
316 4039 431 4108 quoque
442 4064 453 4096 ,
476 4039 570 4110 pater
587 4018 705 4089 saeui
723 4014 873 4088 Kenelmv‘
894 4018 990 4087 Mae-

224 4115 329 4206 tyrt's‚
367 4118 482 4187 debinc
520 4119 670 4189 diadema
710 4115 820 4209 Regni
852 4119 988 4192 Mercio-

223 4237 295 4283 rum
315 4216 450 4311 suscepie
472 4220 626 4312 gloriose,
662 4219 824 4310 renuitque
861 4214 990 4288 ievisld
1018 4237 1062 4315 ΞΕ

224 4315 367 4399 uirtute,
410 4319 532 4415 potenti
565 4322 675 4415 vigore
701 4317 757 4409 sui
788 4334 1022 4413 potentatur.»t

144 4456 152 4461 -
223 4415 323 4490 Hinc
356 4420 450 4494 inter
476 4416 697 4496 Merciorum
734 4423 846 4516 Reges
882 4415 993 4499 ucria.

225 4541 304 4591 mus
331 4521 496 4616 quinslus
522 4521 614 4615 suit,
640 4524 687 4596 be.
703 4544 813 4593 annos
837 4516 991 4617 viginti·

225 4640 378 4714 quatuor
412 4623 595 4720 regnavit.
616 4620 742 4725 Apud
778 4616 989 4715 Hiclsesrum

1097 3404 1260 3476 Britanni
1287 3405 1501 3479 decernant.

1146 3502 1345 3598 Quinslum
1373 3507 1415 3579 ab
1442 3507 1564 3580 eodem
1585 3507 1681 3581 ‘olim
1707 3508 1869 3605 perami-·

1096 3629 1141 3681 cn
1166 3605 1246 3679 viro
1272 3608 1417 3681 Beretto
1443 3608 1583 3707 accepi.
1620 3609 1727 3711 Regis
1754 3627 1868 3708 caput.
1945 3633 1955 3649 ·

1099 3704 1150 3780 ibi
1179 3704 1302 3781 visitur
1328 3733 1408 3780 cum
1429 3707 1686 3809 Inscriptione:
1717 3714 1862 3786 Iaco-

1100 3810 1199 3881 BVS.
1226 3811 1322 3883 DEI.
1348 3811 1514 3884 Guntia.
1544 3816 1652 3884 REX.
1677 3814 1867 3887 scum-1

1098 3913 1231 3984 RVM.
1273 3909 1314 3983 ln
1355 3914 1464 3984 altera
1505 3931 1602 4011 parte
1641 3910 1744 3986 Crux
1779 3939 1865 3988 cum

1098 4008 1232 4108 duplici
1258 4012 1469 4111 epigraphe,
1509 4012 1681 4111 equibus
1707 4021 1780 4088 una
1802 4015 1870 4091 his}

1098 4112 1214 4185 verbis
1269 4114 1429 4191 constat:
1454 4128 1469 4191 ’ζ
1492 4119 1628 4190 DEVS.
1680 4120 1862 4191 PROTE-

1099 4216 1249 4286 cron.
1276 4219 1423 4288 sun-vs.
1452 4219 1868 4294 Ennius-:rarum
1978 4207 1979 4210 ‘

1099 4317 1184 4388 Non
1206 4338 1298 4395 ⁴unm
1335 4313 1415 4393 sule.
1441 4318 1585 4393 Saeculo
1624 4314 1763 4389 Christi
1787 4323 1868 4394 usa

1079 4413 1343 4512 ‚cimoquinsho
1370 4420 1554 4487 Scotorum
1583 4419 1659 4490 Rex
1687 4419 1856 4508 lacobus:

1096 4514 1243 4689 quipiam
1269 4534 1314 4598 ex
1335 4514 1413 4597 'liei'
1430 4513 1650 4622 designetur,
1687 4518 1858 4622 'ignotum

1095 4642 1147 4691 mr
1173 4641 1213 4694 t.

224 4725 266 4799 in
309 4725 399 4796 Part.
440 4725 520 4796 ΙΙΙ..
549 4725 723 4804 Thesauri
759 4722 995 4823 ,Linguarum
1126 4737 1132 4801 7
1187 4764 1271 4805 urs.
1297 4763 1310 4795 ·:
1517 4762 1532 4789 ι’·
1581 4762 1594 4799 ··
1639 4731 1684 4800 .'‹.
1805 4724 1866 4823 ’.ᾸΪ

226 4822 600 4928 septemtrionalium,
635 4826 731 4902 inter
766 4827 943 4909 Nummos
969 4850 990 4897 a
1015 4885 1018 4888 .

224 4923 427 5005 counvulfo
452 4924 517 4999 isto
546 4928 743 5027 perculsos,
780 4951 869 4999 unus
902 4948 988 4997 con·
1106 4967 1112 4977 ,

224 5028 373 5131 spicitur
407 5051 575 5128 perquam
610 5028 736 5109 similia
766 5051 869 5103 ame
894 5051 989 5106 nune
1079 5085 1081 5090 -
