4214 6014
387 379 471 463 723
653 345 1642 544 ANTJQUJT.AMun11AnV1
1819 379 1905 469 724

477 534 942 643 nnous1unr.

457 768 596 845 Utinae
641 768 680 843 in
727 767 854 844 Museo
890 770 1092 847 Bertacchi-

485 874 573 955 nio,
602 875 636 945 dc
665 875 755 969 apud
783 895 947 971 nepotem
976 899 1093 947 meum

328 979 498 1065 Joannem
537 972 759 1047 Franciscum
803 973 846 1047 de
874 976 965 1049 Solis
991 981 1020 1065 J.
1043 972 1096 1048 U.

331 1080 378 1149 D.
407 1073 633 1148 adservantur
658 1075 728 1147 duo
757 1077 907 1149 Nummi
935 1105 954 1150 a
981 1083 1097 1174 Ragn-

331 1175 403 1263 srna
433 1177 625 1274 Republica
653 1175 691 1248 in
718 1177 779 1249 ori
803 1177 1000 1251 Delmatiae
1021 1204 1096 1274 per-

1314 574 1584 646 SERVIAE
1638 573 1849 646 REGES.
1948 654 1950 659 .

1308 773 1381 847 Pud
1419 771 1603 847 Comitem
1639 777 1807 863 loannem
1842 768 1970 870 Bapti-

1309 874 1388 947 liam
1440 874 1722 962 9calabrinium,
1778 873 1971 971 patricium

1205 975 1472 1065 Mutinensem,
1508 972 1547 1048 ἀ
1576 974 1667 1073 apud
1694 973 1873 1049 honestum
1902 972 1971 1046 Ci-

1207 1102 1286 1149 vem
1327 1081 1497 1166 Joannem
1541 1072 1798 1150 Carnevalium
1846 1072 1972 1148 vifitur

1210 1181 1386 1251 Nummus
1424 1196 1607 1278 argenteus
1642 1177 1684 1249 ad
1720 1175 1870 1250 sormam
1898 1179 1971 1247 Ve-

334 1274 445 1358 cuffi,
472 1304 594 1376 parum
623 1276 820 1350 abfimiles.
851 1279 906 1352 lbi
935 1279 967 1353 se
993 1278 1097 1352 offert
1208 1299 1370 1352 netorum
1399 1278 1521 1353 culus.
1549 1278 1605 1353 Ibi
1631 1277 1750 1377 imago
1778 1274 1897 1350 Sansli
1916 1272 1977 1347 tri·

336 1377 471 1477 effigies
499 1377 665 1474 Episcopi
704 1377 820 1451 saneti
853 1405 931 1451 cum
961 1379 1098 1481 epigra·
1138 1377 1168 1448 B
1207 1378 1238 1453 ri
1267 1380 1481 1480 porrigentis
1524 1381 1697 1454 vexillum
1740 1376 1852 1477 Regi,
1893 1399 1978 1449 cum

337 1478 404 1578 phe
432 1483 464 1553 S.
492 1483 699 1555 BLASIVS
727 1484 940 1555 RAGVSll.
968 1480 1010 1554 ln
1045 1484 1098 1554 al-

336 1599 411 1654 tera
456 1601 553 1676 parte
592 1581 712 1676 imago
758 1584 952 1656 Salvatoris
994 1601 1099 1681 caput

336 1681 503 1780 Episcopi
533 1681 569 1756 in
597 1685 735 1782 gremio
763 1682 916 1756 tenentis
944 1710 1022 1757 cum
1052 1683 1099 1757 li-

338 1783 423 1855 teris
450 1783 595 1858 Graecia
622 1788 684 1856 IC.
713 1787 790 1857 XC.
816 1782 884 1855 hoc
911 1785 981 1877 est,
1000 1785 1100 1880 Jesus

337 1884 499 1972 Christus.

458 2087 789 2162 SCLAVONIAE
818 2090 990 2163 REGES.

1209 1479 1442 1578 inscriptione
1458 1485 1662 1554 VROSlVS
1680 1484 1787 1553 REX.
1809 1481 1841 1552 S.
1866 1478 1979 1551 STE-

1210 1587 1326 1655 FAN.
1366 1585 1405 1655 In
1445 1581 1573 1680 pollici
1615 1578 1838 1654 Redemtoris
1866 1575 1979 1651 nostri

1209 1683 1372 1771 effigies,
1428 1682 1581 1755 sedentis
1632 1684 1730 1777 super
1770 1679 1974 1760 Cathedra,

1209 1811 1288 1857 cum
1319 1784 1436 1856 literis
1463 1785 1610 1858 Graecis
1651 1785 1711 1856 lc.
1741 1785 1818 1855 XC.
1846 1805 1973 1876 nempe

1200 1887 1297 1978 Jesrrr
1323 1885 1485 1972 Christus.
1515 1889 1596 1957 Duo
1622 1901 1738 1957 autem
1761 1879 1880 1956 Urosri
1903 1885 1973 1954 Re·

1210 2013 1268 2085 ges
1296 1986 1436 2060 Serviae
1463 1985 1638 2059 dominati
1667 1985 1770 2082 sunt3
1807 2001 1885 2055 uter
1925 2006 1972 2054 ex

1210 2086 1265 2161 his
1300 2086 1521 2185 defignetur‚
1557 2086 1731 2160 incertum
1773 2083 1837 2158 est.
1882 2079 1972 2156 Veri

1210 2199 1337 2262 tamen
1355 2187 1504 2263 similius
1544 2188 1612 2278 ell,
1658 2191 1856 2261 Nummum
1882 2181 1972 2279 rese-

442 2287 591 2364 Eminos
626 2310 808 2390 argenteos
840 2296 1017 2366 Nummos
1045 2289 1102 2365 in·
1142 2311 1176 2385 c
1210 2291 1354 2365 rendum
1391 2289 1456 2364 else
1483 2288 1525 2362 ad
1564 2289 1703 2373 Urofium
1735 2303 1972 2386 cognomento

468 2390 571 2465 limae
627 2392 759 2466 formae
799 2395 838 2467 in
877 2393 1014 2468 eximio
1041 2392 1102 2469 suo

339 2494 467 2565 Museo
504 2492 663 2567 adservat
699 2499 743 2566 V.
771 2490 870 2567 Clar.
914 2495 1102 2594 Apostolus

341 2596 477 2681 Zenus,
517 2594 607 2668 mibi
645 2593 777 2694 saepius
813 2597 998 2670 laudatus.
1026 2601 1103 2670 Hos

342 2694 433 2767 mibi
461 2695 627 2795 legendos
654 2695 898 2770 humanissime
917 2699 1034 2771 dedit.
1063 2699 1103 2773 ln

342 2795 460 2893 primo
497 2797 620 2870 visttur
657 2795 771 2870 Canis
801 2800 1004 2890 venaticus,
1048 2800 1104 2874 seu
1198 2847 1199 2850 =

343 2898 462 2993 potius
503 2900 661 2996 Vulpes3
699 2897 797 2997 supra
834 2895 873 2972 &
901 2885 1105 2975 inlra'duae

342 3000 493 3071 Stellae:
534 2997 572 3070 in
609 3000 723 3072 limbo
763 3001 971 3101 epigraphe:
1009 3005 1106 3075 MO-

343 3151 486 3226 ΝΕΤΑ
527 3152 666 3222 neon
703 3130 740 3250 7¹!
779 3154 1105 3225 scnnvonnz.

342 3297 385 3371 In
412 3297 530 3372 aversa
557 3316 654 3396 parte
681 3296 783 3373 Crux
823 3299 977 3400 duplex;
1020 3299 1105 3374 hinc

343 3400 475 3486 Stella,
502 3398 584 3472 inde
610 3403 740 3499 Luna3
769 3399 887 3475 subtus
913 3402 984 3475 duo
1010 3402 1106 3499 capi·

343 3518 381 3574 ta
418 3519 606 3574 coronata:
649 3500 713 3576 uni
750 3504 791 3576 R.
826 3501 931 3577 alteri
970 3505 1016 3578 L.
1052 3501 1107 3577 su·

343 3600 496 3702 perstat.

395 3705 436 3772 In
457 3702 569 3775 altero
590 3707 750 3777 Nummo
766 3702 883 3778 antica
900 3703 992 3779 idem
1010 3704 1107 3798 ebiy-

343 3827 414 3900 pon
459 3804 552 3900 gerit
593 3829 672 3877 cum
726 3804 959 3904 Inscriptione
1010 3811 1106 3881 ltux

343 3907 661 3979 SCLAVONIE.
704 3904 799 3978 Idem
842 3921 983 4005 queque
1009 3907 1107 4002 ebiy-

343 4030 413 4104 pon
441 4004 479 4075 in
508 4005 659 4097 postica,
687 4004 742 4078 sed
768 4009 878 4079 nullis
904 4006 1021 4080 literis
1047 4007 1108 4080 ad-

1210 2391 1387 2480 iutorium,
1415 2394 1524 2490 vulgo
1544 2392 1761 2479 Milutr'num,
1789 2387 1851 2486 qui
1876 2385 1973 2458 diem

1212 2499 1310 2567 luum
1347 2492 1471 2567 obiille
1512 2492 1663 2566 traditur
1702 2495 1812 2564 Anno
1840 2483 1974 2564 Christi
2033 2487 2036 2491 ’

1209 2598 1454 2670 Mcccxxl.

1299 2797 1554 2870 TIROLIS
1580 2796 1880 2870 COMITES.
1972 2814 1975 2821 ·

1274 2967 1357 3074 un
1397 2997 1487 3073 min
1528 2998 1599 3072 no
1639 2995 1790 3074 nummi
1818 2991 1976 3095 argentea

1300 3098 1496 3173 consimiles
1506 3124 1520 3199 3
1550 3127 1646 3197 pares
1672 3099 1780 3174 etiam
1808 3095 1975 3170 Mutinae

1145 3220 1188 3287 D·
1213 3199 1426 3296 poffidentut
1452 3201 1507 3270 ‘ab
1549 3199 1675 3272 amicis
1716 3200 1803 3272 viris
1844 3196 1976 3286 jacobo

1212 3296 1363 3392 Crespio
1390 3298 1598 3378 Sacerdote,
1636 3300 1672 3370 bt
1700 3296 1977 3370 bartholomaeo

1215 3390 1388 3498 Solian03
1427 3397 1481 3471 uti
1516 3400 1552 3470 &
1592 3398 1793 3471 Placentiae
1818 3397 1979 3470 adserva·

1216 3520 1274 3575 tur
1300 3498 1424 3573 srmilis
1451 3498 1488 3573 in
1517 3497 1645 3573 Museo
1670 3495 1918 3598 Chiappini0‚
1939 3498 1976 3568 δι

1216 3600 1382 3699 Veneriis
1409 3602 1446 3674 in
1473 3597 1601 3674 Museo
1642 3597 1704 3674 Cl.
1734 3605 1779 3672 V.
1814 3596 1978 3698 Apostoli

1215 3703 1329 3777 Zeni.
1358 3706 1457 3776 Crux
1486 3701 1539 3775 ibi
1566 3727 1681 3776 aream
1722 3719 1895 3797 occupat,
1935 3694 1977 3771 δι

1219 3805 1258 3879 in
1286 3803 1401 3876 limbo
1429 3803 1561 3901 legitur
1588 3805 1907 3879 MElNARDVS.
1934 3801 1978 3872 ln

1219 3905 1346 4004 postici
1374 3905 1508 4000 Aquila
1537 3905 1603 3977 alis
1631 3897 1809 3988 expanfis,
1836 3899 1874 3975 ἂ
1901 3898 1979 3997 epi-

1217 4004 1366 4104 graphe:
1398 4007 1565 4078 COMES
1591 4007 1794 4080 TlROLl.
1839 3999 1979 4083 floruit

342 4105 456 4178 ditis.
492 4107 576 4176 Non
615 4105 708 4175 ultra
747 4104 894 4178 initium
923 4106 1059 4181 Saeculi
1087 4136 1106 4180 a
1155 4124 1185 4195 Ε
1217 4108 1411 4179 Meinardus
1436 4104 1522 4194 iste,
1556 4105 1701 4181 alterius
1728 4101 1907 4191 Meinardi
1936 4099 1980 4174 li·

343 4202 486 4280 Christo
526 4225 611 4278 nato
656 4204 936 4289 Tertiidecimi‚
988 4208 1106 4283 Sclaai

343 4305 422 4381 suoa
464 4311 575 4406 Reges
615 4305 771 4382 habuiffe
806 4310 1019 4384 traduntur:
1048 4310 1106 4385 cui

285 4463 291 4475 .
341 4408 507 4499 opinioni
535 4435 606 4480 non
634 4407 740 4483 facile
767 4406 1003 4486 subscribam.
1042 4411 1107 4486 Sed

341 4536 451 4609 quum
480 4536 536 4582 me
563 4509 642 4583 heic
668 4510 773 4585 Libri
794 4508 984 4604 deficiant,
1011 4514 1107 4587 malo

342 4639 416 4686 rem
445 4609 614 4684 intabiam
645 4611 725 4686 aliis
759 4611 966 4705 dimittere,
1000 4616 1106 4711 quim

342 4731 475 4788 temere
510 4713 548 4785 in
586 4712 766 4785 historiam
812 4713 902 4788 mihi
945 4715 1104 4815 ignotam

342 4811 507 4902 ingredi.
551 4818 672 4911 ltaque
712 4816 860 4888 aliorum
892 4815 961 4890 erit
987 4816 1106 4914 inqui-

343 4939 440 5002 rere,
480 4941 552 5013 quo
589 4935 770 5013 tempore,
810 4913 849 4989 δι
879 4917 939 4989 lub
979 4918 1107 5011 quibus

345 5015 501 5186 ¹lpegibps
529 5018 686 5117 argentei
712 5016 768 5092 ilii
796 5018 948 5095 Nummi
976 5016 1108 5090 suerint

371 5127 496 5218 gnati.

1217 4207 1312 4298 lius,
1339 4205 1477 4281 Timlis
1499 4203 1638 4283 -Comes
1654 4257 1677 4290 „
1693 4207 1893 4281 declinante
1919 4206 1981 4276 Se·

1218 4309 1300 4384 culo
1341 4307 1472 4383 christi
1516 4310 1666 4383 Decimo
1693 4308 1828 4406 terti03
1879 4304 1979 4401 cujus

1217 4407 1294 4484 filia
1339 4407 1542 4487 Elisabetbi
1592 4410 1629 4484 in
1667 4431 1810 4489 uxorem
1846 4402 1981 4497 uuna,

1218 4513 1388 4586 Albertus
1419 4510 1577 4596 Austriae
1606 4515 1711 4595 Dux,
1750 4505 1862 4604 postea
1889 4511 1982 4581 Cae·

1218 4611 1291 4702 sar,
1327 4613 1369 4684 ad
1408 4610 1602 4687 Tirolenfis
1628 4606 1836 4681 Comitatus
1862 4607 1982 4681 domi-

1217 4714 1397 4787 nationem
1427 4711 1562 4784 aditum
1591 4713 1716 4784 Seculo
1756 4708 1978 4808 subsequenti

1216 4813 1286 4888 suis
1314 4808 1454 4909 posteris
1481 4812 1646 4910 aperuit.

1268 4913 1442 4987 Secundus
1477 4932 1661 5011 argenteus
1696 4911 1901 4994 deauratus,
1940 4911 1979 4989 ia

1217 5015 1344 5090 Museo
1385 5013 1636 5097 Bertacchinio
1674 5012 1896 5102 adiuratus,
1937 5019 1981 5131 sp

1606 5150 1609 5156 ·
1830 5138 1928 5187 eum-
