4214 6014
368 373 457 488 „3-
634 345 1078 473 aurrourr.
1131 357 1630 457 urortnrrr
1806 387 1938 501 'tot

308 488 456 585 Georgii
483 466 704 568 effigiatio
724 495 796 587 ¹¹.¹¹⁰
814 470 941 547 insidet
962 500 1075 571 equo.
1111 484 1147 558 A
1185 481 1269 554 culo
1306 481 1438 557 Christi
1486 485 1758 565 Tertiodecimo
1798 488 1957 566 menti&

308 591 494 665 draconem
532 575 651 644 lancea
688 567 841 654 ferrens,
882 575 920 646 in
962 580 1075 650 altero
1184 607 1263 654 nem
1303 587 1440 680 reperio
1487 590 1656 662 Librarum
1705 589 1955 674 Vulterrarrensrt

308 694 412 795 pedes
439 683 485 760 est
511 699 550 747 ac
576 673 764 746 draconem
791 693 940 770 utraque
975 679 1074 774 plan·
1185 687 1362 759 Monetae.
1398 689 1508 783 Quod
1537 717 1646 786 quum
1672 694 1771 768 audis
1798 694 1836 767 in
1864 692 1955 767 attia

309 811 347 868 ta
391 789 556 865 calcans,
596 774 767 891 lanceata·
791 773 829 847 in
856 779 975 875 gulam
1005 778 1076 851 im·
1182 785 1290 857 etiam
1333 791 1483 862 aliarum
1522 789 1759 883 Civitatum,
1808 797 1957 893 prodere

308 890 449 973 mittit,
491 883 529 954 in
565 895 715 976 utroque
741 875 866 952 literae
892 882 1073 955 SANCT.
1106 906 1110 913 ·
1181 885 1388 976 consuevit,
1421 890 1522 966 fuisse
1549 893 1587 966 in
1616 892 1862 993 illit'quoque
1887 893 1957 969 Of-

308 985 581 1070 chRGtvs.
1063 1047 1065 1051 ,
1126 1087 1128 1091 ‚
1181 984 1324 1060 ficinam
1374 989 1659 1083 Monerariam,
1714 994 1956 1096 signatamque

335 1125 340 1137 ·
643 1126 654 1133 -
1181 1114 1301 1161 eorum
1334 1094 1552 1183 Populorum
1573 1095 1722 1170 nomine
1748 1101 1956 1195 pecuniam.

385 1200 421 1268 V
449 1196 483 1265 O
510 1190 543 1264 L
570 1186 607 1261 A
633 1186 669 1259 Τ
696 1184 726 1258 E
754 1186 786 1258 R
814 1187 846 1259 R
873 1187 986 1261 ΑΕ.
1181 1189 1352 1264 Chartam
1388 1222 1432 1268 ex
1475 1197 1619 1296 Regesto
1656 1198 1785 1272 Cencii
1822 1196 1957 1273 Carne·

355 1359 358 1362 ,
625 1312 628 1316 ·
1180 1291 1266 1363 rarii
1293 1293 1503 1392 descriptam
1532 1301 1654 1399 accipe
1666 1348 1681 1377 ‚,
1719 1298 1781 1372 ubi
1810 1303 1958 1372 Volater-

416 1396 549 1474 Ullutn
591 1387 846 1462 volaterranae
887 1385 1076 1486 Reipubli·
1118 1428 1149 1503 B
1182 1417 1278 1462 ranae
1303 1398 1451 1483 pecuniae
1478 1403 1617 1473 mentio
1643 1400 1821 1488 occurrit,
1864 1426 1957 1498 quae

443 1523 502 1573 cae
528 1493 567 1565 in
587 1491 731 1562 Etruria
756 1491 953 1564 Nummum
975 1488 1077 1563 exhi·
1158 1486 1338 1585 sprofetto
1374 1498 1667 1576 celebris-suerit
1711 1501 1843 1574 necesse
1879 1502 1953 1594 est,

309 1602 391 1676 bere
419 1599 573 1699 possunt.
603 1592 729 1665 Dicam
757 1611 898 1674 tamen,
938 1617 982 1664 ne
1009 1591 1076 1663 hoc
1182 1595 1322 1688 quando
1357 1597 1395 1670 in
1441 1598 1666 1675 Civitatibus
1719 1603 1869 1675 Reatina
1916 1606 1987 1676 ἀ·

309 1704 454 1802 quidem
481 1711 728 1773 ornamentum
756 1694 845 1765 olim
875 1693 913 1765 in
940 1717 980 1762 ea
1006 1689 1074 1765 Ci·
1182 1692 1354 1770 Esculana
1394 1697 1434 1773 in
1479 1700 1612 1795 honore
1661 1706 1695 1776 δι
1734 1704 1955 1780 commercio

311 1806 425 1878 ritate
445 1801 544 1875 fuisse
563 1791 814 1868 desideratum:
844 1792 976 1892 quippe
996 1797 1077 1866 Sae-
1184 1813 1285 1869 erat.

371 2041 529 2130 Literae
559 2037 608 2122 de
639 2033 848 2121 Comitatu
882 2031 1076 2120 Asculano
1105 2056 1129 2113 a
1160 2029 1358 2143 Gregorio
1388 2043 1459 2126 Ili.
1492 2045 1592 2150 Papa
1615 2045 1895 2133 commendato

459 2155 656 2274 Episcopo
686 2154 883 2241 Asculano
915 2154 981 2238 sub
1013 2174 1171 2234 centum
1205 2153 1414 2239 Librarum
1459 2160 1806 2250 Volaterranarum

785 2274 988 2389 pensione,
1018 2273 1141 2352 Anno
1173 2269 1317 2353 curisti
1354 2303 1404 2361 ra
1413 2307 1479 2387 31.
1884 2274 1886 2278 ’

414 2511 585 2614 Regorius
611 2507 828 2607 Episcopus,
866 2506 978 2596 serum
1009 2504 1076 2594 ser·
1115 2502 1161 2667 Cp
1186 2498 1261 2584 Clu,
1315 2508 1359 2575 Φ
1383 2509 1553 2597 descendent
1579 2539 1601 2583 a
1635 2512 1815 2603 patentibus
1851 2517 1952 2613 inp*

437 2615 627 2689 vorum.Dei
639 2669 648 2701 ‚
668 2610 845 2682 venerabili
860 2607 961 2701 statrt'
977 2609 1072 2678 Mar·
1187 2624 1309 2689 tentes,
1336 2630 1372 2676 ut
1399 2612 1595 2705 Apostolicac
1618 2620 1711 2685 Sedit
1733 2621 1875 2709 gratiam
1902 2647 1953 2687 η.

309 2728 443 2794 teluno
472 2714 646 2815 Episcopo
670 2711 844 2785 Esculano
866 2712 1004 2802 salutem
1033 2710 1076 2777 Θ
1187 2707 1384 2799 cognoseat,
1428 2715 1563 2782 divinae
1602 2737 1633 2783 te
1672 2720 1787 2788 reddas
1822 2721 1955 2813 gratiae

244 2888 247 2893 .
306 2823 524 2911 Aptsiolitam
577 2812 852 2887 benediflionem.
907 2809 1076 2892 Ecclesiam
1186 2812 1358 2904 aptiorem.

306 2922 526 3013 Esculanam,
566 2937 729 3012 tamquam
755 2914 849 2987 Sedit
874 2912 1077 3008 Aposlalicae
1243 2915 1363 2982 Datum
1405 2920 1536 3003 Reate,
1591 2915 1695 2986 Nonit
1742 2922 1953 3013 Novembris,

300 3021 412 3115 filiam
447 3019 637 3109 specialem,
679 3036 724 3096 (9⁹
760 3016 920 3111 personam
960 3036 1075 3101 tuam,
1187 3011 1396 3104 Pontifi.atus
1423 3015 1519 3100 noslri
1543 3023 1646 3088 ,Anno
1670 3021 1817 3116 Quinto.
1851 3078 1854 3084 .
1956 2986 1999 3059 ’ᾳ

308 3124 393 3195 nobit
423 3119 497 3214 fide
532 3141 638 3190 notam
679 3114 725 3192 ὡ*
761 3117 925 3187 devotione
960 3117 1070 3209 prabe-
2014 3125 2017 3130 ·

306 3247 395 3314 tam,
419 3223 551 3318 speciali
567 3218 679 3307 gratis
704 3219 938 3308 prosequentes,
966 3213 1072 3281 comi·
1278 3214 1312 3282 U
1368 3215 1399 3284 R
1452 3216 1482 3284 B
1535 3217 1553 3286 I
1607 3219 1644 3289 N
1698 3222 1732 3292 U
1784 3225 1853 3296 M,

307 3346 410 3397 tatum
449 3323 643 3411 Esculanum
679 3345 745 3386 curn
783 3311 1003 3402 irrrisaifliane
1038 3337 1073 3382 ac

303 3425 456 3522 juribus,
484 3421 637 3492 reditibus
664 3417 710 3498 &²
737 3415 940 3508 pertinentiis
972 3414 1071 3481 omni·
1115 3402 1150 3471 D
1290 3417 1417 3486 Etcum
1448 3415 1635 3491 Numisma
1664 3418 1781 3511 accipe
1813 3422 1953 3502 Urbini

305 3533 363 3603 tus
391 3529 436 3601 ad
472 3521 642 3606 Ecclesiam
682 3528 862 3590 Romanam
898 3515 1074 3604 specianti-
1157 3488 1163 3557 l
1316 3516 1534 3592 adservatum
1573 3522 1662 3615 apud
1701 3524 1858 3598 nobilem
1895 3531 1954 3604 vi-

306 3634 387 3714 lut.
415 3627 462 3707 (φ
484 3625 665 3721 specialiter
681 3622 831 3718 potesate
851 3616 969 3689 ibidem
988 3644 1072 3686 crea·
1186 3645 1262 3691 tum
1302 3620 1484 3693 Comitem
1532 3620 1757 3696 Ludoricum
1805 3629 1953 3711 Palma,

305 3734 336 3802 ri
362 3729 588 3813 Tabelliones,
630 3725 694 3793 tibi
729 3722 791 3813 sub
831 3746 936 3790 annuo
971 3683 1103 3820 Censul
1187 3721 1284 3818 cujus
1321 3718 1472 3818 ciiypon
1517 3724 1626 3797 debeo
1675 3711 1874 3801 dosirffimo
1911 3728 1953 3804 ὅ(

203 3886 205 3903 .
306 3836 461 3907 Centum
490 3831 679 3903 Librarum
708 3818 1074 3897 VulteranenfisMo-
1187 3848 1303 3894 amico
1342 3824 1419 3893 viro
1467 3827 1504 3894 Ρ.
1538 3825 1663 3911 Joanni
1706 3829 1872 3925 Prospero
1908 3832 1981 3905 de

306 3954 429 4024 uerae,
471 3933 504 4000 in
540 3927 614 4017 sesso
650 3928 748 3998 Beati
774 3925 968 4004 Michaelis,
1007 3926 1072 3990 Ca·
1186 3921 1313 3995 sanna
1336 3921 1480 3994 Ubaldo
1501 3921 1647 3997 Clerico
1671 3931 1953 4025 RegulariCon·

306 4063 407 4108 tuerat
433 4032 552 4115 ntslrae
586 4030 759 4116 solvendo,
801 4025 953 4119 quamdiu
986 4021 1102 4114 nobiti
1185 4023 1400 4121 gregationis
1439 4024 1642 4099 Scholatutn
1684 4029 1851 4106 Piarttm.
1894 4033 1951 4109 lbi

302 4133 479 4228 placuerit,
526 4129 768 4207 committimus,
814 4122 968 4206 Ecclesiae
1003 4128 1101 4192 Rn-³
1185 4123 1318 4221 effigies
1358 4125 1533 4214 Principis
1574 4155 1652 4201 cum
1693 4130 1949 4227 inscriptione:

306 4263 421 4310 manat
465 4230 588 4303 nomine
618 4226 766 4321 fideliter
805 4228 1070 4323 gubernandum,
1187 4229 1306 4299 Dtvt.
1344 4230 1414 4301 FE.
1453 4230 1564 4300 VRB.
1610 4233 1785 4305 nvem·
1818 4240 1953 4310 MON-

301 4360 396 4433 prout
422 4342 460 4409 in
485 4333 687 4419 inssrumento
709 4329 838 4422 publico
862 4330 975 4398 exinde
1001 4355 1073 4399 eon·
1108 4300 1139 4370 E
1184 4330 1263 4402 ΤΕ.
1300 4332 1381 4402 AC.
1422 4334 1498 4403 DR.
1535 4336 1565 4400 s
1569 4336 1647 4406 OM
1699 4338 1806 4407 REG.
1835 4341 1949 4413 CAP.

297 4441 380 4531 sesio
403 4437 530 4536 plenius
556 4437 749 4506 continetur.
794 4438 835 4504 Ut
860 4450 965 4503 autem
989 4422 1100 4526 quedl
1184 4435 1261 4505 GE.
1288 4434 1368 4506 AC
1398 4435 1431 4506 S.
1457 4437 1495 4505 R.
1518 4436 1690 4509 ECCLE.
1709 4437 1816 4506 CON
1844 4441 1949 4514 lNV.

302 4546 342 4614 de
368 4564 399 4613 te
425 4541 459 4609 in
483 4537 538 4628 spe
559 4536 722 4630 gerimus»
758 4559 812 4604 ⁹¹⁰5
849 4535 884 4602 ln
920 4559 952 4603 ’θ
978 4533 1070 4602 lnvt·
1183 4532 1268 4607 idest
1297 4534 1382 4608 Divi
1409 4540 1552 4606 Fedeeicr'
1574 4536 1687 4606 Urbini
1706 4535 1828 4626 Ducit,
1848 4543 1952 4610 Mon·

303 4641 378 4738 nisse
404 4644 576 4722 laetemur,
615 4640 865 4708 fraternitatem
891 4654 979 4705 tuam
1006 4660 1071 4702 mo·
1184 4636 1341 4724 teseretri,
1376 4663 1413 4707 ac
1452 4634 1612 4706 Durantt's
1648 4637 1807 4724 Comitis,
1848 4643 1952 4736 Regii

303 4772 433 4836 ternus,
450 4737 643 4816 eudoritate
655 4738 867 4834 praesentium
881 4736 943 4807 tili
959 4733 1072 4828 injun-
1183 4738 1355 4833 Capitanei
1381 4734 1546 4805 Generalis
1561 4788 1571 4819 ,
1598 4763 1635 4806 ac
1661 4736 1801 4810 Sanc‘lae
1828 4749 1951 4816 Ruma-

300 4869 432 4940 gentes,
468 4861 625 4941 qnatenus
655 4839 817 4932 jusiitiam
843 4827 985 4933 diligent
1021 4835 1069 4916 &²
1185 4865 1244 4910 nae
1284 4836 1439 4922 Ecclesiae
1463 4835 1692 4924 Consanonerii
1718 4840 1841 4913 invilla·
1855 4897 1866 4915 .
1906 4846 1950 4920 In

302 4942 469 5039 obsequere
495 4942 653 5040 aequitati
678 4939 883 5033 ampleciaris
911 4943 945 5010 in
969 4941 1070 5011 omni·
1187 4939 1317 5013 Postica
1353 4939 1505 5038 ejusdem
1548 4938 1721 5039 Principis
1755 4944 1881 5018 armati
1909 4943 1949 5023 ἀ

302 5044 559 5140 impietatem,
583 5043 739 5144 religiosos
762 5042 818 5142 pir
847 5041 961 5132 sonent
987 5039 1107 5135 affe-l
1184 5069 1275 5140 equo
1302 5040 1483 5118 inficientis
1519 5038 1676 5141 effigiet,
1712 5069 1791 5120 cum
1834 5047 1949 5124 literis
