4214 6014
279 339 368 451 ‘459
555 329 922 421 DrssnnrArro
971 319 1521 416 VIGPSIMASEPTIMA.
1704 353 1793 444 470

226 500 505 587 raructrrs,
527 501 594 572 ar
621 501 775 572 arces
800 499 989 572 usuro

322 606 420 686 urs,
446 601 626 695 nrQur:
655 602 893 676 steteras.

285 751 470 851 ‘Uecelsere
505 750 648 825 tandem
686 748 831 825 sieculo
857 750 989 827 Chrilli

316 853 516 927 Undecimo
544 851 582 924 in
611 853 774 952 Apulia,
801 853 989 943 Calabria,

220 957 256 1029 u
283 953 432 1039 Sicilia,
460 953 640 1051 Principes
664 953 906 1032 Nortmanni,
927 952 989 1050 qui

222 1055 382 1130 mirabili
409 1079 523 1130 rerum
545 1054 716 1137 successu,
740 1053 929 1142 industrii,
951 1079 991 1128 ac

223 1153 461 1246 fortitudine,
498 1175 574 1229 tunt
610 1155 778 1239 Graecis,
813 1153 991 1253 variisque

994 435 997 442 ’
1019 450 1056 522 A
1143 442 1309 517 Tettium
1326 441 1475 518 fimilem
1492 438 1602 543 priori
1620 443 1750 542 profert
1763 450 1854 521 Ver·

1058 619 1060 624 .
1092 570 1196 645 gara:
1226 546 1289 642 qui
1318 544 1558 638 explicatione
1593 571 1665 619 non
1695 545 1853 647 indiget.

1094 648 1185 720 Tres
1213 651 1296 719 reeb
1332 645 1435 720 hosce
1468 651 1643 720 Nummos
1678 646 1865 723 incertum

1093 745 1167 836 est,
1204 746 1365 843 quisnam
1400 747 1621 847 percusserit,
1654 747 1857 839 primes—ne

1095 851 1274 943 leugnies,
1311 849 1378 921 hoc
1405 848 1451 922 eli
1479 847 1585 922 frater
1609 846 1857 924 strenuissimus

1099 949 1244 1021 Roberti
1263 948 1447 1023 Guiscardi
1469 950 1601 1041 Ducis,
1621 952 1731 1024 Anno
1750 951 1861 1026 Chri·

1097 1048 1136 1121 lli
1164 1053 1341 1124 MLxxi.
1371 1054 1546 1126 Panormo
1571 1051 1728 1150 potitus,
1753 1078 1796 1124 an
1822 1079 1862 1127 e-

1100 1151 1153 1249 jus
1181 1151 1276 1224 lilius
1303 1154 1461 1245 Rogeriur
1487 1159 1531 1227 is.
1565 1153 1628 1253 qui
1657 1154 1773 1254 primo
1798 1160 1862 1226 Co-

130 1319 132 1323 .
227 1255 454 1355 Principibus
489 1256 698 1332 Christianis
737 1257 917 1356 regionem
954 1282 991 1329 e·
1099 1252 1187 1322 mitis
1209 1252 1319 1324 titulo
1340 1252 1385 1325 eli
1405 1253 1504 1346 usus,
1526 1271 1602 1329 tum
1624 1259 1734 1330 Anno
1753 1255 1863 1331 Chri·

226 1355 388 1457 ripum,
414 1385 503 1456 quae
530 1384 621 1431 nune
653 1357 714 1432 sub
752 1358 867 1458 Regni
896 1360 991 1431 Nea·
1026 1353 1056 1425 B
1099 1351 1139 1424 lli
1165 1357 1359 1428 Mcxxx.
1393 1357 1526 1427 Siciliae
1552 1385 1589 1430 ar
1615 1358 1762 1454 Apuliae
1790 1365 1864 1429 Rea

225 1458 381 1557 politani
410 1461 554 1534 nomine
586 1460 708 1546 venit,
744 1480 821 1533 tum
851 1464 989 1533 Sarace-

225 1560 281 1633 nis
308 1561 485 1659 integrum
513 1557 660 1635 Siciliae
689 1565 872 1660 Regnum.
908 1558 992 1633 llio·

224 1686 302 1734 rum
332 1667 415 1735 uero
444 1663 647 1759 Principum
673 1665 875 1753 Nummos,
902 1662 990 1734 alio·

225 1787 375 1860 rumque
400 1765 509 1836 etiam
542 1768 706 1857 Regum,
736 1764 800 1862 qui
831 1769 990 1863 Regnum

229 1865 510 1960 Neapolitanum
555 1864 627 1958 post
670 1890 729 1936 eos
772 1883 992 1952 tenuerunt,

228 1964 398 2064 collegit,
419 1985 526 2063 atque
542 1969 652 2039 Anno
669 1968 899 2039 Mocch.
922 1970 992 2038 Ro·

227 2090 306 2139 mae
332 2068 519 2163 evulgavit
545 2065 673 2142 Caesar
697 2067 880 2140 Antonius
906 2072 994 2138 Ver·

228 2191 342 2266 gara,
378 2193 421 2240 ex
462 2168 560 2264 cujus
596 2168 716 2241 labore
752 2166 920 2266 prolicere
956 2165 994 2239 in

228 2266 425 2368 praesentia
442 2295 512 2342 non
527 2269 718 2351 dubitabo,
736 2268 888 2352 additis,
906 2294 995 2369 quae
1032 2276 1062 2346 C

228 2369 321 2470 apud
348 2370 453 2445 illurn
482 2370 741 2468 desiderantur.

230 2574 391 2671 Rogeriur
410 2580 438 2648 l.
464 2575 597 2648 Sicilire
619 2581 750 2657 coines,
776 2575 819 2645 Θ
841 2573 997 2671 Rogerirrs

352 2679 400 2749 Is.
426 2682 556 2760 Comes,
583 2682 681 2768 Dure,
710 2676 757 2756 (ἓν
784 2683 876 2748 Rex.

279 2878 405 2974 Taque
441 2877 558 2975 primo
599 2877 689 2977 apud
719 2877 880 2950 eumdem
909 2881 996 2948 Ver·

307 3003 425 3076 garam
463 2976 619 3051 occurrit
650 2983 827 3052 Nummus
858 3002 997 3058 aereus,

231 3078 328 3152 rudis
356 3081 457 3165 plane
481 3107 521 3152 ac
545 3079 730 3161 informis,
754 3081 791 3152 in
815 3079 913 3177 cujus
936 3105 993 3151 an·

1099 1453 1169 1525 suit
1189 1475 1397 1530 coronatus.
1417 1453 1527 1533 Certe
1546 1457 1726 1557 sequentes
1747 1461 1865 1533 Num·

1099 1554 1150 1626 mi
1186 1579 1206 1627 a
1242 1558 1529 1656 praecedentibus
1565 1561 1735 1635 nimirum
1765 1558 1864 1634 dissi-
1965 1586 1967 1590 ·
2052 1625 2058 1634 ,

1101 1656 1231 1746 miles,
1266 1656 1442 1757 designare
1476 1661 1586 1735 etiam
1616 1663 1782 1737 videntur
1807 1663 1866 1737 di·

1101 1756 1215 1830 uerlos
1245 1758 1365 1832 Princi
1392 1786 1454 1834 es.

1150 1863 1330 1951 Quartus,
1427 1861 1628 1957 Quiniius,
1666 1867 1771 1939 ambo
1807 1891 1867 1939 ae·

1099 1958 1182 2048 rei,
1220 1963 1371 2034 Crucem
1411 1985 1624 2061 gemmatam
1666 1969 1867 2064 praeierunt

1100 2087 1179 2134 cum
1219 2059 1409 2160 epigraphe
1446 2068 1577 2137 ROGE
1612 2071 1782 2143 COME.
1824 2073 1866 2142 ln

1102 2160 1230 2261 postica
1270 2187 1306 2257 1,
1345 2163 1556 2260 inversum,
1598 2191 1670 2266 quo
1716 2168 1867 2244 fortassis

1100 2262 1281 2337 indicatur
1307 2263 1502 2359 Trinacria.
1540 2267 1635 2343 Fieri
1663 2269 1797 2368 potest,
1825 2289 1868 2345 ut

1101 2366 1138 2438 hi
1162 2363 1229 2439 lint
1256 2362 1428 2440 referendi
1443 2368 1489 2441 ad
1512 2371 1683 2467 Rrgerium
1701 2376 1747 2445 ll.
1776 2371 1868 2470 post·

1101 2493 1206 2564 quam
1245 2467 1337 2564 patri
1374 2465 1531 2545 suceeffir
1566 2471 1606 2545 in
1648 2472 1869 2548 dominatio·

1103 2596 1145 2642 ne
1172 2567 1338 2643 Siciliae.
1455 2594 1458 2599 ·
1492 2618 1501 2627 -

1153 2674 1278 2744 Sextus
1305 2669 1351 2744 est
1387 2675 1604 2767 Nummulus
1640 2702 1788 2769 aereus,
1824 2678 1868 2751 ab

1101 2771 1225 2843 eodem
1253 2773 1392 2870 Rogerir
1417 2778 1462 2847 ll.
1490 2777 1689 2874 perculsus,
1725 2806 1769 2854 ert
1795 2804 1869 2877 quo

1104 2874 1233 2970 Regios
1271 2876 1398 2947 titulos
1438 2875 1589 2951 assumsit
1625 2884 1735 2954 Anno
1771 2884 1869 2955 MC·

1108 2979 1217 3045 XXX.
1227 2973 1285 3047 lbi
1300 2975 1489 3076 epigraphe
1500 2983 1747 3056 ROGERIVS
1758 2986 1869 3056 REX.

1105 3078 1146 3148 In
1174 3073 1303 3174 postica
1338 3076 1525 3177 inscriptio
1561 3082 1675 3156 literis
1704 3084 1869 3157 Arabicis

231 3179 302 3252 tica
340 3179 465 3254 uisitur
503 3182 667 3278 Princeps
703 3207 795 3279 equo
827 3179 998 3262 insidens,
1037 3185 1071 3255 D
1104 3196 1274 3275 concepta
1301 3178 1376 3279 eli3
1413 3178 1521 3277 idque
1547 3183 1587 3255 el
1612 3183 1654 3257 de
1683 3184 1798 3258 causei
1824 3186 1867 3258 ab

231 3278 358 3354 hastam
385 3283 423 3356 in
452 3282 599 3357 humero
625 3285 779 3384 gestans,
803 3310 822 3356 e
848 3309 917 3380 qua
939 3310 997 3356 ve·

231 3382 359 3455 xillum
392 3388 541 3481 pendet,
579 3411 659 3457 cum
696 3384 885 3482 epigraphe
916 3388 997 3456 RO-

231 3486 409 3556 GERlVS
435 3490 624 3559 COMES.
653 3490 693 3559 In
722 3485 851 3583 postica
879 3484 999 3583 imago

231 3583 362 3657 Beatae
385 3586 548 3681 Virginis
572 3587 611 3655 in
635 3586 799 3656 cathedra
826 3584 999 3669 sedentis,

232 3684 267 3755 δι
290 3682 468 3757 Clirillum
500 3682 671 3757 insautem
700 3681 855 3755 tenentis
881 3680 920 3752 in
946 3682 1000 3753 ul—

163 3792 174 3815 ·
232 3781 310 3873 nis.
340 3785 633 3859 Circumducirur
659 3783 846 3869 inscriptio
881 3785 1000 3855 Mat·
1042 3808 1050 3821 ‘

235 3870 321 3958 itta
350 3888 533 3960 Macra
564 3891 682 3968 ouri,
709 3883 793 3963 neu
819 3884 973 3957 Domini.

1103 3306 1146 3352 eo
1186 3277 1318 3353 labium
1362 3280 1540 3366 videtur,
1579 3287 1675 3383 quod
1715 3286 1871 3361 Arabica

1103 3383 1246 3480 Lingua
1284 3380 1357 3480 post
1382 3381 1587 3459 diuturnam
1618 3391 1872 3462 Saracenorum

1106 3485 1263 3553 Arabum
1305 3481 1589 3556 dominationem
1631 3485 1669 3557 in
1714 3485 1869 3565 Sicilia,
1936 3483 1938 3486 ⁴

1105 3580 1293 3650 familiaris
1314 3581 1368 3653 ibi
1387 3581 1558 3655 evaserit.
1588 3586 1768 3659 Praeterea
1795 3585 1873 3659 hel·

1104 3679 1180 3750 lum
1217 3677 1256 3751 in
1286 3676 1447 3752 Africam
1484 3682 1599 3769 tulit,
1634 3685 1758 3786 ibique
1784 3687 1873 3762 Tri·

1107 3777 1365 3878 polimcepit.
1392 3780 1507 3856 Hasce
1534 3789 1617 3857 vero
1645 3787 1768 3862 literas
1803 3787 1874 3862 hoe

1105 3878 1152 3953 est
1180 3883 1309 3963 Mulecb
1332 3884 1453 3966 Stetit,
1487 3883 1621 3961 Utine
1656 3889 1776 3962 reddas
1802 3897 1873 3961 Re·
1914 3932 1918 3938 ·

233 4020 258 4055 e·
285 3988 481 4061 Secundum
511 3994 706 4064 Nummum
731 4012 868 4061 aereum
894 3986 998 4085 igno·
1101 3982 1156 4080 gir
1183 3983 1336 4056 thronus.
1410 4009 1413 4015 ’

234 4086 998 4189 ravitvergara.111umadservatinsuo
1040 4084 1072 4156 E
1158 4085 1335 4185 Septimus
1374 4089 1553 4162 Nummus
1582 4114 1710 4166 aeneus
1734 4092 1876 4195 epigra-

234 4187 361 4261 Muieo
390 4189 591 4263 Placentiae
622 4188 850 4263 amiciliimus
877 4179 998 4261 Abbas

237 4393 381 4510 f'e'psoin
401 4421 500 4513 ‘equo
526 4393 667 4483 sedens,
694 4417 772 4464 curn
802 4390 857 4463 hrs
883 4392 999 4464 ltterrs

233 4516 276 4667 ii
300 4499 666 4697 iiiiiliiirlgiffihiiti
681 4493 1000 4679 fiiasallhrivs.

235 4691 325 4765 dens
341 4700 430 4769 'cum
459 4698 595 4773 insaute
619 4698 722 4790 iesu,
750 4717 825 4770 tarn
855 4692 1000 4788 imperi·

237 4810 277 4867 te
303 4795 509 4890 efformata,
536 4816 586 4872 ut
618 4801 713 4872 nihil
748 4799 867 4872 rudius
894 4802 1001 4870 exco-

233 4895 371 4993 gitati*
389 4899 516 4996 polii,
558 4900 611 4972 Ibi
650 4898 840 4997 'epigraphe
879 4900 1000 5007 eadem

192 5000 416 5177 *crin
440 5002 851 5176 ciuem
975 5056 979 5067 ·

1106 4185 1199 4284 phen
1229 4186 1378 4285 praesent
1406 4193 1652 4266 ROGERIVS
1679 4199 1807 4286 DVX,
1836 4197 1873 4268 &

1106 4289 1146 4360 in
1184 4289 1320 4382 postica
1347 4291 1525 4387 'Deiparae
1555 4292 1753 4391 imaginem
1791 4319 1874 4368 cunr

1108 4389 1223 4461 literts
1251 4393 1284 4461 S.
1311 4393 1366 4462 M.
1391 4389 1484 4465 iuest-
1502 4389 1627 4464 uncle
1653 4395 1789 4469 Maria.
1822 4399 1874 4470 >Ee

1108 4487 1200 4560 hunc
1237 4490 1279 4562 ad
1315 4493 1476 4567 eumdem
1502 4494 1679 4591 Rogeriem
1716 4498 1760 4567 ll.
1797 4495 1898 4596 spe·¹

1108 4589 1203 4663 siare
1230 4589 1344 4668 censet
1372 4597 1554 4694 Pergam,
1592 4595 1771 4695 postquam
1808 4599 1875 4672 ille

1107 4688 1270 4765 Comitis
1297 4691 1406 4775 titulo
1434 4695 1612 4793 deposito,
1648 4700 1748 4772 Ducis
1784 4701 1873 4773 alte·

1108 4820 1185 4866 rum
1207 4791 1374 4891 suscepit.
1406 4801 1572 4870 Attamen
1591 4798 1773 4875 dissimilis
1793 4814 1875 4874 omi·

1108 4895 1197 4970 nino
1226 4897 1377 4971 Nummi
1401 4894 1518 4997 ligure
1554 4899 1785 4998 suspicionem
1796 4931 1875 5002 pu

1107 4997 1358 5173 liamgigpere
1384 4999 1514 5103 potest,
1541 5002 1735 5101 perculsum
1752 5008 1875 5082 Nam

1227 5105 1253 5174 P
1725 5131 1827 5183 mum
