4214 6014
283 343 385 448 '237-
604 325 975 416 urssnnrarro
1014 321 1498 414 ercammarum.
1734 361 1753 419 ι
1765 338 1816 445 ,a

225 449 447 547 temporibus
465 445 594 522 eisdem
617 446 798 521 Civitates
818 445 894 520 suas
916 473 994 520 mu·
1036 448 1070 516 A
1112 441 1251 517 uiliima
1286 445 1399 534 rabies
1435 472 1455 520 e
1492 446 1675 521 Pannonia
1710 446 1749 522 in
1781 453 1880 522 Lan·

227 552 372 628 niendas
413 547 647 650 susceperint,
693 575 908 647 quamquam
947 549 994 622 iis

226 653 377 731 minime
395 652 683 732 dominarentur,
704 672 742 725 ut
767 657 900 725 Romae
922 656 993 725 Ro·

226 755 323 832 mani
352 753 569 830 Pontifices.
611 759 806 854 Anlpertus
847 751 994 827 Medio-

225 855 372 932 lanensrs
409 855 588 936 Antisles,
624 857 686 951 qui
726 857 835 928 Anno
862 855 993 930 Christi

225 961 553 1035 DCCCLxxxll.
595 956 707 1029 vitam
749 983 828 1029 cum
881 976 994 1030 morte

225 1063 411 1149 mutauit,
458 1079 497 1132 ut
537 1056 584 1130 est
625 1057 662 1130 in
699 1058 773 1152 eius
800 1058 994 1158 Epitaphio

227 1162 320 1259 apud
351 1160 581 1235 Puricellium
609 1158 646 1232 in
674 1157 902 1234 Monument.
928 1163 994 1234 Ba-

225 1259 316 1340 filie.
337 1259 609 1358 Ambrosianae,
636 1287 733 1335 num.
758 1285 840 1359 134

1111 546 1316 645 gobardiam
1353 573 1424 620 non
1452 546 1557 622 semel
1599 546 1753 648 illapsa.
1792 552 1881 624 Pro·

1113 648 1268 721 vinciam
1291 647 1380 721 hanc
1401 649 1599 739 incendiis,
1627 653 1812 733 caedibus,
1839 675 1880 725 ac

1112 750 1245 850 rapinis
1265 751 1436 852 impleuit
1454 770 1560 850 atque
1583 753 1754 828 vallavit.
1780 758 1880 827 Haec

1111 852 1234 926 omnia
1276 851 1424 926 cautum
1462 854 1607 934 dedere,
1649 874 1689 930 ut
1716 853 1879 931 universa

1112 954 1218 1030 ltalia
1246 952 1372 1029 faciem
1401 954 1547 1029 subinde
1574 957 1681 1031 aliam
1708 956 1880 1032 sumeret.

1115 1058 1247 1131 Paucae
1287 1074 1368 1131 ante
1410 1058 1474 1132 illa
1514 1074 1675 1153 tempora
1716 1086 1880 1134 numera-

1113 1158 1240 1232 bantur
1268 1157 1385 1234 Urbes
1412 1162 1446 1232 &
1468 1156 1644 1243 Castella,
1671 1161 1798 1257 quibus
1818 1160 1881 1237 sir·

1113 1259 1264 1335 millima
1291 1258 1408 1335 forent
1435 1260 1576 1336 moenia
1613 1289 1653 1336 ac
1681 1289 1880 1364 propugna·
1958 1346 1967 1369 ὁ

1043 1364 1071 1434 Β
1111 1364 1218 1436 cula.
1247 1361 1423 1436 Diuturna
1451 1391 1519 1466 pax
1546 1364 1648 1459 apud¹
1665 1390 1729 1439 nos
1756 1391 1881 1464 regna·

278 1466 416 1543 Moenia
443 1465 601 1559 sellicitus
638 1462 810 1561 cammiffae
853 1465 998 1539 reddidit
1111 1483 1185 1536 rat.
1225 1465 1371 1538 Nullam
1409 1469 1546 1540 externi
1576 1462 1680 1541 hostis
1706 1465 1879 1542 incurso-

384 1567 465 1642 Urbi

277 1669 402 1748 Diruta
412 1709 853 1744 ...........

226 1868 285 1949 Ita
312 1873 518 1950 Leodoinus
544 1871 758 1948 Mutinensis
778 1872 992 1974 Episcopus,

228 1994 270 2050 ut
297 1977 336 2051 in
364 1977 542 2068 Dissertat.
560 1978 587 2051 l.
613 1981 652 2048 de
679 1982 791 2048 Peter.
806 1998 896 2073 gent.
914 1986 993 2074 pro·

1110 1589 1190 1638 nem
1229 1564 1378 1641 senserat
1413 1565 1498 1643 haec
1543 1568 1670 1644 ltaliae
1712 1567 1880 1666 portion

1109 1668 1351 1764 compluribus
1389 1670 1510 1744 annis.
1562 1672 1682 1765 Quare
1711 1673 1881 1769 patebant

1107 1770 1251 1852 omnia,
1296 1770 1329 1841 ἃ
1378 1769 1528 1845 Castella
1576 1769 1795 1871 potiffimbm
1836 1797 1879 1847 ac

1109 1871 1194 1946 Vici
1230 1869 1396 1946 latillime
1431 1870 1583 1972 expoliti
1619 1894 1721 1950 erant
1755 1877 1879 1949 barba·

1108 1999 1226 2066 rorum
1255 1974 1558 2070 impressionibus.
1588 1980 1681 2049 Nam
1703 1981 1766 2075 qui
1789 1984 1879 2050 Bur·

228 2073 328 2159 elidi,
366 2081 497 2153 Urbem
538 2080 627 2150 hanc
668 2076 818 2151 nollram
850 2077 994 2150 circiter
1104 2075 1143 2169 gi
1169 2075 1457 2173 appellabantur,
1502 2075 1634 2152 Isidoro
1661 2078 1765 2163 telle,
1803 2076 1879 2150 suc·

226 2179 378 2252 Annum
437 2178 712 2252 DCCCXClll.
766 2176 994 2274 regnantibus
1109 2194 1191 2248 runt
1217 2185 1374 2245 damarum
1401 2182 1678 2272 congregationes,
1704 2205 1784 2274 quae
1805 2205 1879 2249 mn·

226 2277 395 2353 Guidone
421 2281 454 2352 8<
483 2281 678 2355 Lamberto
714 2276 880 2377 Augustis
916 2303 994 2351 mu·
1036 2264 1071 2346 C
1110 2301 1143 2345 re
1168 2301 1231 2347 nan
1255 2277 1503 2351 claudebantur.
1532 2282 1773 2353 Romanorum
1795 2279 1879 2379 qui·

225 2379 347 2464 uiuit,
375 2409 435 2452 nun
462 2403 569 2454 centra
591 2382 763 2470 Dominus,
791 2378 846 2452 sed
868 2400 907 2454 ut
926 2377 994 2454 Ci-

228 2505 290 2557 ves
317 2480 545 2556 difficillimis
586 2482 632 2556 iis
670 2480 889 2581 temporibus
916 2499 994 2555 tuc-

226 2602 352 2661 tetur.
396 2583 438 2658 ln
483 2583 751 2674 Diplomatibus
790 2582 993 2657 eorumdem

226 2686 467 2786 Augustorum
520 2685 610 2781 apud
652 2685 906 2784 Sillingardum
954 2682 992 2759 ἃ

224 2773 440 2884 Ugbellium
470 2787 659 2863 Leodoino
686 2787 736 2861 sas
775 2784 843 2874 ell,
878 2783 994 2879 suffusa

227 2913 343 2963 cauare
358 2936 369 2969 ,
396 2895 509 2959 Parcas
535 2890 672 2984 erigere,
708 2889 754 2966 Θ
777 2888 872 2983 Juper
896 2914 994 2959 unum

123 2995 130 3010 ‘
227 2989 420 3062 milliarium
447 2989 637 3060 incircuitu
670 2986 827 3070 Ecclesiae
860 2993 889 3058 C
891 2987 993 3061 ivita-

225 3091 272 3166 n's
306 3093 541 3187 circumquaque
570 3088 727 3183 firmare,
777 3091 824 3161 ad
856 3091 994 3181 [alvan-

1108 2375 1187 2450 dem
1224 2379 1259 2450 8(
1296 2379 1498 2452 Gothorum
1540 2379 1602 2454 sub
1630 2382 1879 2458 dominatione

1110 2477 1354 2555 munitiffimis
1390 2475 1556 2555 Callellis
1585 2480 1692 2557 Italia
1721 2485 1878 2557 abunda·

1109 2579 1185 2655 vit.
1227 2584 1326 2656 Bella
1352 2580 1501 2674 deinde,
1537 2583 1681 2683 ipsaque
1710 2613 1804 2684 pax.
1832 2582 1874 2661 ἃ
1974 2590 1977 2594 ’

1110 2684 1281 2782 temporis
1307 2683 1525 2759 diuturnitas
1561 2687 1726 2783 pleraque
1757 2686 1879 2759 muni·

1108 2805 1228 2859 menta
1254 2783 1486 2885 disjecerant.
1513 2785 1639 2884 ltaque
1664 2815 1709 2860 ex
1729 2813 1801 2886 quo
1821 2786 1879 2861 di·

1108 2883 1256 2986 sceptari
1283 2906 1449 2984 coeptum
1477 2885 1524 2961 est
1549 2888 1592 2963 de
1621 2894 1744 2991 Regno
1780 2891 1876 2965 inter

1108 2988 1310 3062 Guidonem
1346 2990 1382 3060 &
1428 2989 1701 3089 Berengarium‚
1751 2986 1790 3064 &
1832 2991 1877 3066 ab

1110 3116 1180 3164 uno
1207 3091 1316 3163 latere
1343 3089 1531 3182 Saraceni,
1559 3091 1602 3165 ab
1630 3095 1744 3166 altero
1770 3096 1878 3166 Hun-

222 3195 300 3267 dam
327 3194 370 3264 θ
396 3195 599 3265 muniendam
625 3192 725 3283 ipsam
753 3189 902 3283 sensiam
929 3199 993 3264 Ec·
1038 3186 1070 3256 D
1108 3190 1185 3292 gri,
1213 3190 1270 3265 seu
1297 3191 1489 3291 Hungari,
1526 3190 1689 3267 miseram
1726 3212 1877 3269 atterere

223 3293 371 3381 alestam.
413 3299 460 3369 Et
502 3292 660 3392 proleiib
690 3295 781 3367 bella
809 3296 992 3369 teterrima

222 3393 319 3472 inter
363 3396 590 3480 Gnidonem,
640 3394 710 3469 live
755 3395 830 3492 ejus
875 3393 991 3468 fllium

223 3493 459 3575 Lambertum
504 3497 702 3598 Augullos,
741 3499 776 3568 δι
820 3498 992 3596 berenga-

224 3599 319 3673 rium
350 3599 376 3671 l.
408 3604 561 3695 Regem,
591 3598 700 3689 polica
724 3597 893 3690 &ipsum
917 3604 993 3667 Au·

225 3698 359 3802 gustum
381 3699 507 3770 oborta
532 3703 637 3769 Anno
655 3698 993 3771 Dcchxxxlx.

224 3797 442 3877 occasionem
481 3799 606 3873 dedere
650 3794 849 3870 excitandis
891 3796 994 3870 novis

223 3923 285 3979 aut
331 3899 534 3975 muniendis
589 3897 747 3997 antiquis
801 3894 992 3973 Castellis.

224 4005 454 4082 Praecesserat
481 4002 589 4078 etiam
617 3997 812 4074 saeuiffima
837 4000 992 4099 irruptio

224 4133 337 4207 nuper
381 4125 576 4178 memorata
616 4102 839 4175 saracenicae
875 4101 991 4202 gentis
1037 4093 1067 4163 Ε
1109 4101 1191 4175 culo
1219 4099 1282 4176 lx,
1317 4101 1367 4177 ob
1405 4104 1713 4179 Nortmaunorum
1749 4105 1881 4181 imma·

221 4207 261 4288 in
290 4204 464 4307 Apuliam
493 4205 620 4278 Seculo
646 4203 767 4275 eodem
797 4201 860 4275 Ill.
892 4230 990 4303 pera-

221 4311 301 4397 sla‚
328 4308 392 4408 qui
421 4327 501 4382 turn
530 4304 606 4378 illis
643 4302 872 4402 regionibus,
912 4323 989 4378 tum

222 4411 414 4496 finitimis,
463 4435 503 4485 ac
549 4403 611 4502 ipsi
658 4403 811 4477 Urbium
853 4405 992 4505 reginae

224 4519 382 4605 Romae,
397 4510 625 4588 incredibiles
646 4504 916 4605 innumerasque
935 4508 991 4581 in-

223 4621 337 4694 tulere
364 4614 586 4690 calamitates
614 4639 674 4709 per
700 4636 810 4684 annos
839 4610 993 4703 multos,

223 4720 356 4819 quique
393 4718 488 4791 inter
529 4713 757 4788 Provinciam
784 4715 818 4786 δι
847 4711 992 4787 Italiam

224 4821 269 4896 ad
298 4822 527 4893 Praxinetum
558 4815 752 4906 collocati,
781 4813 992 4890 insellillimi

224 4921 323 5000 suere
350 4919 679 5013 circumjacentibus
708 4916 815 4991 locis.
843 4916 992 4992 Ineunte

222 5051 367 5135 quoque
403 5023 527 5097 Secula
568 5025 615 5096 X.
650 5024 883 5125 Hungrorum
918 5018 992 5098 sae·

1109 3292 1252 3367 ltaliam
1274 3313 1486 3388 coeperunt:
1510 3313 1594 3369 tunc
1614 3322 1633 3369 a
1661 3312 1717 3371 tot
1739 3322 1878 3371 aerum·

1111 3394 1166 3467 nis
1194 3394 1312 3467 edoffi
1343 3394 1473 3493 Populi
1501 3395 1732 3477 intellexere,
1765 3423 1880 3493 quan·

1109 3516 1167 3570 tae
1193 3494 1406 3570 neeeffitatis
1433 3494 1525 3570 soret
1566 3498 1786 3570 munitiones
1813 3522 1879 3570 an·

1110 3597 1228 3692 tiquas
1255 3597 1465 3676 restaurare,
1499 3596 1677 3692 novasque
1703 3597 1879 3672 eonslrue·

1111 3721 1168 3785 re,
1204 3722 1292 3790 quae
1328 3693 1483 3768 hollibus
1526 3695 1759 3791 obsisterent,
1798 3697 1879 3776 ani·

1111 3791 1252 3894 masque
1282 3792 1321 3871 &
1354 3793 1512 3872 sortunas
1539 3798 1676 3874 ciuium
1711 3803 1750 3876 in
1778 3828 1878 3902 prae·

1110 3896 1201 3971 senti
1227 3924 1267 3970 ac
1297 3896 1416 3974 futuro
1444 3898 1649 3974 discrimine
1673 3901 1880 3998 exciperent

1110 4026 1151 4073 ac
1177 4018 1399 4074 tutarentur.
1436 4004 1519 4075 Hoc
1544 4001 1641 4076 idem
1668 4002 1769 4078 Galli
1796 4006 1879 4077 Sae-

1109 4229 1169 4277 nes
1196 4202 1409 4277 incursiones
1431 4202 1607 4280 didicere.
1633 4210 1880 4302 Quamobrem

1111 4324 1150 4376 ut
1177 4302 1324 4401 quisque
1351 4324 1436 4378 tune
1463 4307 1605 4404 potuit,
1651 4308 1821 4382 facultate
1859 4332 1881 4384 a

1112 4405 1267 4499 Regibus
1293 4424 1356 4479 aut
1382 4406 1576 4506 Augustis,
1602 4427 1666 4482 aut
1691 4435 1712 4482 a
1740 4407 1880 4486 Princi-

1112 4506 1213 4606 pibus
1241 4508 1485 4607 Langobardis
1524 4509 1564 4583 in
1597 4513 1740 4586 Ducatu
1767 4512 1880 4586 Bene·
1965 4575 1971 4585 .

1112 4627 1265 4681 uentano
1314 4616 1350 4684 δι
1396 4607 1620 4688 salernitano
1663 4611 1882 4705 impetrati,

1110 4707 1293 4784 aedilicare
1320 4710 1441 4811 coepit
1467 4716 1601 4805 Arces,
1651 4711 1799 4797 Callra.
1844 4713 1882 4787 δι

1110 4815 1264 4900 Turres,
1292 4810 1332 4887 dr
1358 4813 1469 4888 muris
1496 4817 1630 4890 ambire
1657 4814 1811 4890 Castella
1835 4808 1877 4892 ἃ

1110 4912 1252 5005 Urbes,
1287 4916 1323 4987 δι
1365 4917 1626 5015 propugnacula
1654 4912 1886 5005 multiplica.

1107 5045 1146 5096 rc
1159 5071 1172 5116 ,
1197 5014 1405 5123 praesertim
1429 5014 1472 5097 in
1495 5014 1568 5121 suia
1592 5014 1783 5205 Beneficifis
1807 5016 1879 5113 five

1765 5147 1854 5198 eu·v
