4214 6014
355 341 425 424 ,43
621 300 1092 431 ‚Arsurum
1139 296 1637 403 usnrrunrr
1840 318 1904 431 a,

230 498 233 504 ,
302 432 422 508 brus,
464 427 618 506 Pellium
657 429 755 506 usum
793 431 834 506 ad
871 435 1146 508 indumentaA
1188 457 1271 519 nem
1308 457 1451 533 quoque
1486 424 1820 508 villaninm'insra
1852 434 1961 525 rides

302 527 500 605 bominum
537 531 685 608 uetustis
720 533 876 610 Saeculis
916 534 1078 636 frequen-

310 625 484 706 riffimum
512 649 586 710 tarn
614 634 654 710 in
681 638 810 729 ltalia,
846 638 952 738 quim
988 637 1077 713 alibi

310 728 437 807 suisse.
472 733 516 811 In
553 736 649 812 bunc
674 736 773 813 usum
800 739 986 840 praecipue
1021 742 1076 814 lu-

248 928 254 938 ,
311 861 379 909 xus
406 833 476 911 sese
500 837 711 915 intruserat.
740 841 966 917 Nobiliorem
995 841 1077 941 qui·⁸

313 934 398 1037 sque
437 955 498 1014 eut
540 941 708 1018 ditiorem
747 941 817 1019 sese
856 946 1076 1043 reputabat,

310 1066 385 1140 quo
411 1041 653 1141 pretiosiores,
685 1043 757 1118 five
783 1044 933 1121 cariores
963 1047 1076 1119 Pelles

307 1142 501 1228 induebat,
537 1144 624 1222 adeo
650 1163 692 1221 ut
719 1147 777 1220 uel
812 1145 906 1246 ipsae
939 1146 1076 1221 §anbli-

310 1245 485 1320 moniales
513 1247 648 1324 alieubi
683 1274 765 1325 curn
804 1247 927 1324 Laicis
963 1266 1076 1324 certa·

1188 532 1405 629 testantem,
1441 534 1586 611 circiter
1628 540 1778 611 Annum
1824 533 1961 609 Christi

1189 639 1383 713 Mchx.
1411 640 1610 736 complures
1637 636 1785 712 Pellibus
1811 636 1849 711 in
1877 658 1962 733 pro·

1190 739 1314 839 patulo
1339 737 1506 815 inceffiffe
1526 739 1691 818 indutos.
1717 739 1821 812 Massi
1849 758 1962 835 parta·

1189 868 1276 913 vana
1291 842 1321 912 le
1334 844 1422 914 Pelii
1434 844 1570 940 scapnn
1583 844 1684 936 senza
1700 863 1829 934 panno.
1848 837 1959 935 Quod

1192 961 1311 1017 tamen
1345 944 1386 1018 in
1412 942 1677 1019 desuetudinem
1712 939 1834 1017 sensrm
1861 940 1961 1015 abire

1190 1043 1339 1145 coepit3
1376 1071 1457 1119 narn
1484 1051 1619 1138 Ioanne
1659 1046 1769 1120 Stella
1804 1041 1890 1118 vtelle
1915 1041 1958 1118 in

1190 1146 1364 1221 Annalib.
1379 1148 1555 1222 Genuens.
1568 1146 1611 1220 ad
1628 1151 1775 1233 Annum
1791 1146 1957 1220 MCCC·

1190 1251 1306 1322 LXV.
1332 1252 1478 1323 Genuae
1504 1249 1615 1323 Vicus
1650 1265 1747 1338 eret,
1782 1244 1846 1322 ubi
1879 1246 1963 1320 Pel-

308 1363 411 1422 rent.
438 1349 559 1441 Quare
585 1347 623 1422 in
643 1346 817 1423 Concilio
843 1349 1075 1426 Londonien-
1114 1346 1141 1416 Β
1190 1349 1237 1420 les
1266 1346 1328 1440 [ul
1360 1349 1502 1438 vellibat
1535 1353 1623 1424 latae
1649 1345 1767 1448 (idest
1799 1346 1959 1447 clesma)

1189 1453 1397 1525 mudantur.
1433 1455 1559 1570 Itaque
1583 1477 1628 1528 en
1655 1449 1823 1525 labienus
1848 1448 1960 1523 addu-

1190 1550 1260 1627 etis
1286 1550 1465 1652 agnovisse
1502 1579 1571 1650 pam
1608 1571 1735 1653 potes,
1771 1549 1878 1650 usque
1912 1547 1958 1625 ad

1190 1656 1355 1728 Seculum
1394 1681 1414 1729 a
1452 1651 1597 1731 Christo
1635 1672 1722 1730 nato
1764 1651 1957 1728 Decimum

1190 1755 1339 1831 tertium
1367 1755 1519 1832 Nobiles
1546 1758 1670 1831 saltere
1696 1753 1794 1830 siros
1820 1754 1957 1854 pretio·

1191 1855 1228 1931 so
1254 1855 1388 1933 amisso
1415 1857 1515 1932 fuisse
1540 1857 1762 1957 deleslatos3
1798 1856 1835 1930 δι
1872 1881 1955 1956 pro·

1192 1976 1309 2059 pterea
1335 1957 1388 2033 nil
1417 1959 1569 2043 mirum,
1598 1957 1624 2032 sr
1649 1959 1690 2037 in
1716 1959 1805 2032 Vita
1831 1953 1954 2031 sanai

310 1445 336 1522 sr
363 1451 474 1522 Anno
501 1452 905 1527 Mcxxv11.canone
934 1476 991 1529 12.
1011 1452 1074 1525 sla·
1127 1529 1128 1533 ,

267 1604 273 1615 ,
308 1567 429 1626 tutum
466 1547 557 1634 suit,
591 1573 629 1624 ut
664 1555 757 1627 nulla
781 1551 986 1648 Abbatiffa,
1021 1554 1077 1625 vel

177 1678 180 1684 ⁴
310 1651 578 1726 Saniiirnsnialis
615 1654 789 1728 carioribus
827 1676 938 1729 utatur
979 1654 1075 1726 indu-

310 1755 455 1843 mentis,
490 1759 586 1850 qudrn
620 1756 785 1853 agninis,
823 1757 880 1828 vel
917 1756 1075 1837 cattinis,

310 1853 380 1929 boc
406 1854 474 1943 est,
501 1854 624 1930 sessum
654 1856 829 1956 pellibus.
864 1861 913 1933 Et
938 1856 977 1931 in
1006 1862 1076 1931 Re-

309 1959 394 2058 gula
428 1957 717 2058 Templariorum
753 1963 842 2060 Cap.
880 1983 939 2057 ²3·
965 1961 1075 2034 Tom.

311 2080 372 2134 10.
407 2060 551 2135 concil.
587 2059 725 2136 Labbei
759 2061 939 2137 decretum
975 2058 1071 2136 suit:

311 2164 356 2233 Ut
379 2160 490 2232 nullus
515 2165 634 2233 Frater
659 2189 846 2254 remanens,
879 2163 986 2236 Pelles
1014 2183 1074 2260 pe·

1190 2061 1334 2136 Arialdi
1357 2088 1377 2135 a
1400 2060 1614 2162 Landelpbo
1636 2059 1681 2135 de
1705 2057 1836 2135 stallo
1863 2060 1956 2131 Pau·

1188 2164 1228 2238 lo
1254 2161 1403 2264 scripti,
1426 2182 1537 2261 atque
1561 2161 1659 2237 editt
1684 2187 1703 2235 a
1731 2159 1955 2250 Puricellio‚

304 2263 470 2353 renuiter,
496 2283 555 2335 aut
578 2264 766 2348 Pellieiasn,
791 2265 847 2337 oel
870 2265 1000 2361 aliquid
1020 2285 1074 2336 sa·
1109 2285 1144 2358 (3
1189 2264 1461 2338 Herlenrbaldus
1488 2267 1613 2337 Seculo
1648 2260 1783 2337 Christi
1813 2263 1875 2332 xt.
1912 2285 1956 2333 u·-

302 2363 362 2454 ·le,
388 2368 471 2461 quad
494 2369 539 2436 ad
563 2363 652 2455 usunr
677 2366 810 2455 carparis
832 2366 1013 2459 pertineat,
1037 2389 1073 2433 e-
1190 2388 1287 2436 nuse
1304 2362 1626 2438 Mediolanensibus
1641 2359 1852 2460 primatibus
1864 2363 1955 2460 Cap.

307 2465 450 2559 uiamque
467 2465 706 2559 coopertorium,
734 2464 797 2550 nili
820 2490 992 2562 agnorunt,
1017 2466 1074 2536 uel

308 2566 464 2656 arietum,
491 2566 625 2639 babeat.
651 2570 762 2640 Anno
783 2592 924 2667 quoque
942 2568 1072 2641 MCC-

308 2669 424 2740 XXV.
450 2693 473 2741 a
499 2670 661 2742 Romano
692 2668 855 2743 Diacono
881 2667 1072 2743 Cardinali

309 2767 429 2843 sinui
456 2768 591 2867 Angeli
618 2768 902 2843 Conllitutiones
938 2767 1071 2842 Mona·

305 2865 401 2943 sierii
449 2866 614 2959 Jotrcnsts
659 2870 902 2971 promulgatae
947 2869 1070 2960 suere,

303 2993 391 3070 quas
418 2968 584 3046 baluzius
619 2971 699 3048 luce
727 2971 877 3047 donavit
911 2971 996 3048 Lib.
1025 2978 1069 3047 V.

306 3071 571 3147 Miscellaneor.
591 3099 668 3174 pag.
687 3096 775 3170 455.
803 3072 860 3149 lbi
886 3072 972 3148 baec
991 3098 1069 3147 uer·

1193 2487 1250 2563 17.
1285 2463 1419 2540 dicitur
1452 2491 1553 2536 eatam
1586 2465 1708 2561 Popula
1742 2463 1778 2537 in
1812 2461 1953 2551 nullibus
2026 2519 2030 2527 .

1185 2565 1331 2660 pretiosis
1354 2565 1546 2662 arnbulaffi.
1570 2566 1659 2661 equis
1681 2564 1731 2646 (ι’
1748 2563 1849 2639 arnsis
1867 2564 1954 2656 sens·

1185 2689 1242 2759 par
1276 2667 1414 2739 militari
1447 2695 1529 2737 snare
1558 2663 1724 2762 fluitaffc.
1760 2665 1879 2742 Immo
1913 2665 1951 2738 bt

1186 2765 1347 2848 Clerici.
1382 2795 1472 2867 quae
1507 2767 1588 2848 scuit
1618 2766 1775 2859 Mundi,
1804 2764 1954 2841 solicite

1186 2868 1401 2962 imitantes,
1442 2895 1524 2944 cum
1563 2867 1643 2968 ipsis
1679 2867 1803 2945 Laicis
1837 2866 1953 2943 tudio

1184 2972 1291 3046 luxus
1317 2973 1519 3047 certabant.
1547 2975 1735 3073 Propterea
1762 2970 1804 3044 ad
1833 2972 1951 3070 Popu-

1183 3074 1260 3148 lum
1296 3071 1600 3147 Mediolanensem
1637 3072 1732 3146 idern
1763 3076 1798 3145 S.
1823 3071 1949 3147 Arias-

307 3175 371 3263 bas:
411 3177 585 3268 Quaelibet
616 3177 779 3248 Manialis
806 3176 922 3249 baben
947 3176 982 3246 in
1007 3203 1068 3246 an-
1106 3193 1141 3264 D
1182 3173 1247 3248 dus
1274 3177 1384 3248 Auno
1418 3177 1634 3250 MLxva
1661 3173 1729 3271 (ut
1762 3172 1801 3248 in
1836 3174 1948 3249 alteru

304 3300 345 3348 na
370 3295 434 3346 tres
458 3275 620 3360 camisias.
645 3277 797 3374 singulis
820 3274 944 3349 duabus
968 3278 1067 3353 annis

303 3405 403 3450 anans
427 3377 593 3451 Pellieiarn
617 3380 657 3449 sle
682 3378 858 3471 vulpibus,
882 3377 1066 3470 leporibus,

301 3486 358 3552 tal
381 3478 479 3554 etiam
504 3481 619 3577 agnis.
645 3479 686 3551 Si
710 3480 822 3577 aliqua
846 3480 986 3551 valuerit
1009 3503 1067 3573 pra

300 3582 413 3656 assisti
445 3583 613 3654 devotione
646 3582 778 3678 agninis
813 3580 955 3674 pellibus
988 3583 1065 3672 uti,

299 3681 419 3756 lateas
451 3684 548 3752 etiam
582 3684 719 3778 qualibet
751 3711 837 3758 anna
859 3687 924 3757 dus
951 3684 1064 3777 super·

297 3782 431 3881 pellicea
456 3784 557 3873 alba,
583 3783 629 3854 Ο·
652 3785 860 3880 elumigus,
894 3813 974 3882 quae
998 3807 1064 3855 ter·

298 3909 369 3959 ram
393 3904 555 3983 tangant.
588 3880 728 3962 Clerici
763 3883 827 3986 ipss
864 3885 926 3961 sub
955 3885 1062 3961 Pelli-

296 3986 364 4060 bus
391 3984 549 4082 pretiosrs
576 3987 689 4057 comti
725 3985 988 4082 procedebant:
1026 3989 1060 4057 bc

283 4085 350 4162 rei
377 4083 560 4183 vestigium
588 4084 700 4157 adhuc
727 4083 873 4182 superest
898 4082 936 4158 in
963 4080 1061 4183 Cap·
1101 4091 1130 4162 E
1179 4109 1321 4182 quoque
1346 4082 1463 4184 operis
1489 4083 1589 4158 usum
1616 4102 1702 4158 tune
1728 4084 1943 4181 perdurasse,
2003 4156 2007 4163 ,
2067 4108 2071 4127 ·

296 4187 352 4288 pis
392 4185 530 4286 magnis
569 4184 873 4277 canonicorum,
912 4185 1061 4285 aliisque

296 4288 398 4364 Cleri
423 4284 667 4363 ornamentis.
695 4291 778 4364 Hoc
803 4286 899 4362 idem
925 4314 946 4362 e
972 4315 1059 4364 uoce

295 4391 560 4487 Superpellr'eeum
597 4389 722 4487 (nunc
762 4391 892 4490 Casta)
928 4389 1059 4466 discere

296 4510 422 4593 potes.
451 4496 536 4568 Non
563 4492 659 4567 enirn
685 4490 825 4567 alinde
851 4491 968 4568 caussl
1002 4493 1059 4567 in·

293 4593 438 4670 ueslum
478 4593 546 4668 boe
585 4619 741 4677 nomen,
776 4592 842 4668 nisi
883 4594 968 4692 quia
1003 4595 1058 4672 uti

293 4696 488 4773 Ducendus
519 4693 640 4770 scribit
677 4696 716 4770 in
754 4693 937 4771 Rationali
971 4699 1056 4774 Lib.

294 4823 331 4898 3.
358 4804 446 4900 Cap.
478 4795 582 4897 prim.
610 4798 809 4893 Antiquitas
837 4799 933 4895 super
966 4801 1056 4871 tuni·

293 4925 347 4972 tas
372 4902 547 4995 Pallicias,
582 4902 622 4972 de
644 4902 783 4997 pellibus
807 4922 994 4972 mortuorunt
1018 4933 1054 4973 a·

292 4999 463 5073 nimaliarr
493 5000 633 5093 fassas,
688 5002 904 5078 induebatur.
949 5004 1056 5092 Joan·

1183 3272 1322 3352 Charta
1348 3276 1423 3376 ejus
1452 3276 1538 3348 Viri
1572 3274 1643 3359 est,
1679 3274 1774 3349 editt
1808 3275 1851 3348 ab
1887 3301 1949 3349 eo·

1181 3379 1261 3455 dem
1283 3375 1478 3452 Puricellio
1497 3373 1587 3474 Cap.
1610 3379 1670 3476 ι..)
1697 3377 1736 3451 in
1762 3376 1847 3450 haec
1868 3402 1947 3451 ver·

1128 3538 1134 3543 -
1182 3479 1227 3554 ba
1251 3480 1488 3579 loquebatur:
1528 3479 1629 3567 Velini
1653 3481 1854 3558 sacedotes,
1889 3478 1946 3573 qai

1181 3578 1266 3675 effici
1296 3579 1423 3680 paffunt
1446 3580 1578 3654 alitione
1613 3582 1648 3653 in
1674 3579 1807 3652 tenenis
1833 3576 1946 3662 relus,

1179 3683 1354 3770 encelfisres
1393 3683 1430 3781 in
1467 3682 1678 3774 aedificandis
1714 3682 1857 3752 turribus
1896 3677 1945 3758 (a

1178 3786 1353 3862 demissis.
1382 3783 1575 3874 familiares
1610 3780 1645 3850 in
1680 3778 1848 3851 bonoribus
1860 3829 1872 3862 ,
1908 3783 1945 3851 in

1180 3880 1364 3969 Mellibsu,
1392 3880 1608 3976 Delicatisque
1633 3879 1773 3967 Vellibus
1805 3881 1944 3976 pulcris-

1179 4009 1253 4073 res,
1295 3979 1357 4078 ipli
1391 4001 1549 4072 truantur
1582 3982 1757 4056 beatiores.
1795 3982 1942 4084 Phrygii

1177 4212 1222 4260 ea
1263 4180 1356 4285 Cap.
1394 4209 1454 4261 so.
1490 4184 1598 4262 Vitae
1639 4185 1785 4261 Sanslae
1820 4184 1942 4261 Cune-

1179 4287 1314 4388 gundae
1339 4285 1579 4383 Imperatricis
1599 4287 1728 4362 elicio.
1754 4286 1833 4384 Ipsa
1855 4286 1944 4361 Mo·

1180 4387 1344 4464 uessicam
1386 4390 1497 4464 ritem
1538 4390 1723 4487 amplexa,
1759 4390 1945 4481 operabatur

1180 4493 1327 4564 manibus
1346 4491 1437 4584 suis.
1464 4491 1563 4562 Nulli
1586 4490 1671 4560 enirn
1691 4489 1725 4560 in
1742 4488 1945 4584 distinguen-

1178 4593 1231 4666 dis
1255 4619 1332 4666 aurs
1353 4591 1543 4688 gemmisque
1568 4588 1710 4679 vallibus
1742 4589 1943 4686 plurimum,

1176 4715 1237 4767 ant
1262 4693 1297 4764 in
1315 4692 1410 4780 stalis
1421 4741 1432 4774 ,
1458 4715 1516 4764 aus
1542 4690 1575 4763 in
1602 4692 1766 4789 cingulis,
1795 4689 1944 4780 aestima-

1179 4802 1275 4869 batur
1301 4793 1449 4884 inferint.

1228 4898 1354 4970 Seculo
1380 4911 1497 4969 autern
1526 4898 1607 4970 ΧΠ.
1633 4896 1758 4970 luxum
1779 4924 1850 4973 non
1870 4894 1942 4971 rni-

1126 5053 1127 5056 ,
1171 5024 1301 5077 norem
1326 4998 1366 5072 in
1393 4997 1543 5074 vellibus
1580 4998 1834 5102 deprehendere
1859 4999 1944 5072 nul·

1849 5097 1889 5174 lo
